1487 2850
312 228 359 264 82
531 223 1197 267 COMMENTATIO

276 372 279 375 s
311 333 584 384 Aequilibrium
620 342 773 383 ruptum
797 342 905 381 erat3
929 346 1012 373 nam
1036 335 1094 374 vis
1110 334 1232 373 civilis
1255 344 1331 372 non
1347 345 1424 373 am-

312 405 413 453 plius
427 415 492 452 par
513 411 587 441 erat
613 403 773 442 militum
799 403 1189 450 auctoritati,nullum
1213 410 1332 441 autem
1348 414 1425 441 ma-

309 476 371 524 Jus
386 477 443 511 est
455 472 739 511 instrumentum
761 473 1021 522 opprimendi,
1048 485 1157 521 quam
1171 474 1232 511 vis
1247 473 1423 512 militum.

319 564 323 567 -
367 543 446 590 Soli
473 543 688 590 Imperatori
706 542 881 591 parebant
905 542 1157 589 Praetoriani,
1173 542 1425 589 Senatumque

314 623 393 650 non
425 611 686 650 reverebantur
711 611 891 660 amplius:
934 623 1043 659 quem
1080 610 1231 659 prorsus
1264 611 1427 650 floccifa-

314 682 474 720 ciebant.
530 681 658 730 Quum
684 680 722 718 in
746 680 907 718 maximo
935 680 1134 728 aliquando
1163 681 1320 719 Senatus
1344 692 1428 719 ver-

314 750 451 788 saretur
468 750 641 799 periculo
663 759 816 799 propter
840 749 1055 788 seditionem
1079 751 1426 798 Praetorianorum,

312 820 448 869 Otho,
473 821 684 860 discrimine
718 821 820 859 urbis
843 829 882 859 et
900 821 1067 870 periculo
1091 821 1251 859 Senatus
1271 820 1426 867 anxius,

313 891 410 929 inter
447 890 517 928 alia
561 891 649 928 haec
686 889 868 927 militibus
907 889 1026 928 dixit:
1070 914 1094 938 „
1132 890 1262 930 Ulline
1298 889 1425 928 Italitie

316 987 341 1010 ,.,
366 959 530 1007 alumni,
559 969 596 997 et
630 959 800 997 Romana
835 969 922 997 vere
956 959 1163 1007 juventus,
1202 958 1247 996 ad
1284 958 1429 1007 sangui-

316 1058 341 1078 „
366 1041 451 1067 nem
484 1038 521 1068 et
559 1029 704 1067 caedem
742 1026 1031 1076 depoposcerint
1076 1026 1271 1075 ordinem,
1317 1029 1426 1077 qu'us

317 1128 341 1148 „
367 1099 558 1148 splendore
591 1108 630 1138 et
669 1100 811 1147 gloria,
839 1098 964 1136 sordes
994 1105 1030 1134 et
1062 1096 1326 1135 obscuritatem
1357 1097 1427 1134 Vi-

316 1198 342 1220 „
366 1171 596 1209 tellianarum
620 1170 780 1218 partium
805 1167 1089 1216 perstringimus
1104 1168 1124 1206 ⁶?
1152 1166 1335 1204 Nationes
1361 1166 1428 1203 ali-

316 1268 342 1288 „
367 1251 460 1288 quas
511 1239 710 1287 occupavit
747 1237 922 1276 Vitellius
940 1264 953 1283 ,
1002 1236 1196 1285 imaginem
1241 1236 1425 1283 quandam

316 1338 342 1360 ,‚
365 1309 550 1349 exercitus
576 1309 716 1356 habet3
747 1308 902 1346 Senatus
932 1306 1130 1344 nobiscum
1152 1314 1223 1343 est.
1248 1305 1330 1342 .Sic
1352 1305 1396 1342 fit
1411 1333 1425 1351 ,

317 1409 342 1426 ,,
367 1387 411 1418 ut
452 1379 538 1418 hinc
581 1377 793 1427 respublica
818 1404 832 1424 ,
893 1376 978 1413 inde
1025 1376 1154 1413 hostes
1203 1374 1427 1422 reipublicae

318 1434 342 1500 „-
367 1449 612 1488 constiterint.
687 1446 822 1497 Quid?
883 1457 954 1484 vos
1007 1444 1290 1493 pulcherrimam
1332 1445 1426 1482 hanc

317 1549 342 1570 „
368 1519 525 1566 urbem,
553 1517 725 1557 domibus
754 1524 791 1554 et
817 1515 925 1554 tectis
952 1523 989 1553 et
1026 1523 1210 1563 congestu
1232 1515 1395 1563 lapidum
1413 1543 1426 1562 ,

318 1616 343 1638 ‚‚
369 1589 459 1628 stare
483 1587 664 1627 creditis?
690 1588 801 1626 Muta
839 1586 912 1623 ista
951 1593 989 1622 et
1017 1584 1176 1623 inanima
1208 1583 1428 1624 intercidere

318 1688 343 1709 ,‚
367 1671 409 1698 ac
441 1657 600 1707 reparari
635 1658 848 1707 promiscua
885 1655 994 1693 sunt:
1034 1654 1230 1693 aeternitas
1276 1666 1429 1703 rerum,

320 1757 346 1776 „
372 1736 408 1766 et
438 1739 511 1776 pax
549 1727 743 1776 gentium,
771 1734 808 1763 et
832 1736 911 1762 mea
950 1736 1034 1763 cum
1063 1731 1187 1762 vestra
1217 1724 1340 1772 salus,
1367 1725 1429 1764 in-

321 1825 346 1846 „
371 1799 587 1836 columitate
623 1797 781 1834 Senatus
814 1795 994 1832 firmatur.
1048 1794 1161 1831 Hunc
1190 1793 1376 1841 auspicato
1409 1806 1430 1833 a

322 1897 347 1917 „
373 1877 523 1917 parente
547 1875 584 1905 et
605 1866 799 1905 conditore
822 1864 925 1902 urbis
944 1871 1092 1901 nostrae
1113 1861 1346 1910 institutum,
1360 1871 1430 1902 eta

322 1967 348 1987 ‚‚
375 1937 525 1986 regibus
553 1948 674 1983 usque
698 1936 743 1973 ad
763 1935 949 1983 principes
970 1932 1190 1971 continuum
1213 1939 1249 1970 et
1278 1931 1431 1971 immor-

324 2038 348 2059 „
374 2010 481 2047 talem
498 2035 511 2055 ‚
541 2006 631 2046 ficut
657 2017 678 2044 a
702 2005 905 2054 maj0ribus
930 2004 1165 2051 accepimus,
1193 2002 1242 2041 fic
1262 2002 1426 2051 posteris

324 2108 349 2128 „
375 2079 573 2116 tradamus.
600 2073 697 2114 Nam
718 2084 761 2114 ut
788 2086 832 2113 ex
857 2074 968 2113 vobis
990 2074 1185 2112 Senatores
1199 2100 1213 2119 ,
1235 2071 1284 2109 ita
1306 2083 1351 2109 ex
1364 2071 1431 2110 Se-

324 2177 350 2199 „
376 2148 569 2186 natoribus
597 2146 783 2196 principes
809 2145 1052 2184 nascuntur”
1079 2142 1164 2195 (1).
1194 2141 1266 2182 Sed
1288 2142 1429 2181 frustra

1359 2222 1426 2253 eOS

360 2298 412 2338 (ι)
432 2297 502 2327 vid.
526 2297 574 2326 Ta
586 2305 615 2326 c.
636 2297 723 2326 Ilm.
743 2297 766 2325 l.
782 2296 806 2324 ί.
827 2303 857 2325 c.
879 2297 926 2334 84.
