1487 2850
187 209 245 254 [10
547 209 933 255 ORATIO.

251 370 608 412 Laboratorium
661 369 918 410 Chemicum
943 397 955 419 ,
1010 365 1292 410 instrumentis

190 446 338 505 paucis
388 442 603 500 analyticis
655 451 846 496 auctum,
892 443 947 486 ad
981 443 1213 487 docendam
1253 448 1293 487 et

191 522 485 581 experimentis
520 520 806 564 illustrandam
838 519 1070 564 doctrinam
1091 519 1199 564 bene
1222 519 1295 562 in-

188 598 325 643 servit.

245 677 456 719 Museum
505 677 901 730 mineralogiczcm,
948 671 1133 730 quamvis
1172 673 1294 732 plura

189 752 234 795 in
286 765 337 796 eo
386 750 613 811 specimina
666 764 759 795 cum
805 749 1165 809 oryctognostica,
1208 755 1296 792 tum

188 828 456 887 geognostica
492 826 800 881 desiderentur,
825 826 879 870 ad
909 826 1197 870 informandos
1227 832 1299 869 ta—

189 920 286 949 men
309 906 463 948 ¹harum
489 903 799 963 disciplinarum
826 903 1034 948 studiosos
1059 917 1153 947 cum
1180 903 1298 946 fruc-

187 989 232 1025 tu
263 980 496 1025 adhibetur.

242 1135 426 1180 “Nomine
464 1134 595 1194 Regis
632 1134 812 1193 Magnae
844 1133 1083 1179 Britanniae
1110 1131 1297 1192 splendi-

192 1214 291 1258 dum
321 1213 458 1257 denuo
485 1227 634 1257 munus
659 1212 820 1271 accepit
849 1211 1098 1256 Academiae
1132 1208 1299 1254 Biblio-

189 1291 338 1345 theca,
367 1294 625 1347 catalogum
650 1292 827 1332 iconum
842 1321 853 1343 ‚
882 1307 994 1347 quas
1012 1290 1167 1332 Museo
1186 1289 1297 1329 Bri-

194 1371 374 1411 tannico
418 1372 532 1411 dono
574 1370 701 1411 dedit
734 1369 832 1409 Rex
882 1368 1108 1423 Angliae,
1149 1366 1297 1409 Geor-

185 1449 295 1510 ἑνὶιζε
331 1444 402 1489 IV.

244 1597 397 1643 Melior
421 1596 575 1641 abhinc
598 1595 767 1652 biennio
792 1595 955 1654 plantas
978 1593 1023 1636 in
1055 1593 1181 1637 horto
1220 1605 1298 1635 co-

178 1675 299 1720 lendi
328 1690 405 1734 per
437 1672 752 1717 calefactionem
788 1670 1010 1715 methodus
1043 1670 1297 1713 exoticarum

191 1753 426 1810 plantarum
459 1764 675 1794 numerum
705 1748 828 1792 auxit.

632 1883 837 1898 ἠθῶν-

249 1981 298 2025 ld
321 1986 479 2024 tantum
507 1984 664 2032 restat,
700 1984 745 2021 ut
775 1977 818 2020 in
854 1975 1077 2019 certamine
1107 1974 1298 2019 Victores

191 2057 359 2118 publice
409 2055 652 2115 proclamen
705 2052 983 2108 rectionisque
1037 2050 1297 2095 academicae

190 2148 338 2179 munus
359 2133 402 2176 in
430 2146 711 2176 successorem
754 2130 1025 2183 transferam3
1063 2128 1177 2185 quod
1217 2142 1297 2171 an-

189 2219 358 2268 tequam
387 2209 488 2261 fiat,
529 2207 703 2266 legenda
731 2213 828 2251 sunt
858 2206 1117 2250 Facultatum
1144 2204 1297 2262 judicia

192 2287 244 2332 de
274 2285 485 2346 responsis
511 2284 565 2329 ad
598 2283 864 2342 quaestiones
895 2283 1022 2327 ad-se
1048 2282 1192 2327 allatis.

228 2355 240 2375 ³
1209 2358 1296 2403 Ju-
