1487 2850
527 325 898 369 ORATIO.
1217 321 1275 366 49

157 480 429 540 triumphum.
457 514 511 522 -
557 482 626 526 Ad
651 497 857 527 summum
880 479 1119 534 celsissimi,
1147 493 1272 538 quem

154 557 544 603 mathematicarum
586 567 625 603 et
669 559 939 618 physicarum
986 557 1274 601 doctrinarum

155 634 292 679 studia
326 634 538 689 offerunt,
572 636 747 680 honoris
781 635 990 694 fastigium
1022 634 1215 679 enitaris!

209 789 308 833 Tibi
337 804 505 846 quoque
533 789 890 849 praestantissime
927 786 1272 845 Groneman!

152 865 311 910 lubenti
342 866 482 910 animo
511 882 681 911 aureum
705 867 819 911 hunc
843 881 1075 917 nummum,
1100 862 1275 908 honoris

151 942 231 987 tibi
262 944 419 988 decreti
442 945 761 998 documentum,
794 943 933 988 offero
961 950 1003 987 et
1029 943 1166 986 trado.
1207 942 1277 985 Tu

152 1028 266 1079 certe
299 1036 464 1081 semper
502 1022 672 1080 dignum
707 1029 749 1066 te
779 1020 1015 1080 praestabis
1046 1020 1163 1078 regia
1194 1019 1277 1063 be-

150 1098 399 1143 nevolentia.
465 1099 642 1143 Gaudeo
671 1106 746 1142 tuo
784 1098 978 1151 honore,
1011 1105 1052 1142 et
1086 1097 1199 1141 hunc
1226 1111 1278 1141 ex

149 1174 290 1218 animo
324 1174 401 1218 tibi
424 1174 626 1233 gratulor.
689 1176 823 1233 Perge
853 1173 1275 1233 flagrantissimoglit-

147 1259 334 1297 terarum
369 1267 542 1306 amore,
576 1252 773 1311 ingenio,
805 1251 1023 1305 doctrina,
1056 1250 1275 1311 moribus,

148 1328 401 1373 Academiae
430 1336 625 1382 nostrae,
655 1343 755 1373 mox
777 1329 901 1374 etiam
933 1328 1273 1373 Christianorum

149 1413 293 1450 coetus
326 1421 416 1451 esse
438 1414 749 1452 ornamentum.

204 1483 293 1526 Vos
338 1483 595 1528 dilectissimi
636 1485 819 1530 Juvenes
861 1484 905 1528 in
954 1485 1034 1530 hos
1078 1484 1273 1543 Victores

145 1560 291 1604 oculos
312 1561 506 1618 conjicite
523 1593 535 1614 ‚
568 1568 614 1605 ut
640 1575 784 1606 eorum
811 1568 1040 1620 conspectu
1069 1568 1272 1618 tanquam

143 1637 417 1683 incitamento
455 1638 775 1683 exstimulemini
817 1645 857 1683 et
904 1638 967 1682 sic
1019 1637 1272 1682 celsissimae

144 1714 300 1773 gloriae
331 1722 485 1760 metam
516 1715 743 1774 attingatis.

199 1791 264 1834 Ne
303 1797 440 1835 autem
475 1792 609 1849 Vobis
638 1791 739 1849 quid
772 1791 911 1845 desit,‘
938 1791 981 1835 in
1021 1806 1130 1849 quo,
1167 1791 1270 1849 quid

139 1866 304 1912 humeri
330 1869 525 1922 valeant,
554 1869 739 1928 experiri
766 1869 915 1922 liceat,
958 1870 1064 1927 agite
1082 1901 1094 1922 ,
1136 1868 1269 1937 Vobis

142 1943 331 1989 recitabo
358 1946 542 2004 singulas
557 1946 824 2004 quaestiones
841 1946 885 1990 in
909 1960 1064 1990 annum
1084 1960 1269 2003 sequen-

140 2028 226 2067 tem
259 2023 516 2081 propositas.

198 2098 319 2144 Nova
347 2100 432 2157 jam
464 2100 585 2145 vobis
605 2133 617 2154 ,
649 2101 855 2144 Juvenes!
893 2107 1053 2159 aperta*
1085 2106 1146 2143 est
1184 2113 1268 2158 pa-

137 2176 312 2220 laestra!
344 2177 490 2236 Agite!
524 2178 574 2222 In
602 2192 800 2232 arenam,
833 2176 1094 2222 descendite!
1122 2177 1268 2221 Palma

133 2253 178 2297 in
201 2253 342 2299 medio
371 2255 532 2314 posita!
583 2254 697 2299 Nihil
728 2255 965 2300 volentibus
1000 2255 1206 2299 arduum!

190 2330 354 2376 Vestris
414 2333 639 2377 conatibus
700 2334 864 2388 faveat,
923 2331 1071 2378 studiis
1115 2329 1264 2378 vestris

135 2403 321 2464 adspiret
351 2406 467 2453 Deus
498 2408 600 2468 Opt.
630 2408 770 2454 Max.!

675 2510 716 2554 D
1224 2508 1263 2553 A
