1487 2850
289 224 316 267 6
657 217 1040 261 ORATIQ

286 374 597 436 philosophiam
644 372 827 414 inutilem
874 370 1075 414 habemus
1117 378 1155 415 et
1183 372 1396 431 ineptam3

287 453 352 495 vel
389 464 573 506 unquam
612 446 906 490 instituendum
938 461 1162 504 negamus,
1192 448 1399 505 quemad-

285 525 457 570 modum
506 524 650 568 civitas
691 524 797 566 bene
831 524 1035 580 beateque
1061 522 1222 568 'haberi
1251 523 1398 583 possit.
1427 509 1429 511 ¹

285 602 449 647 Etenim
465 615 548 658 quo
563 606 688 658 pacto
706 598 818 655 quis,
839 599 1031 643 virtutem
1056 598 1248 652 intuitus,
1262 600 1401 644 ideam

285 676 433 736 optimi
474 675 682 728 hominis,
723 675 910 734 perfecte
949 675 1150 733 sapientis
1175 675 1399 734 imaginem

285 753 364 798 sibi
405 753 631 805 informat,
676 766 802 808 quam
846 752 981 796 nullus
1010 753 1183 797 omnino
1210 746 1400 798 moi-talis

284 830 463 881 referat,
505 828 652 873 eodem
697 828 881 887 optimae
927 828 1105 873 civitatis
1166 830 1399 889 exemplum

287 905 436 950 confici
477 919 602 964 posse
640 912 862 966 putamus,
905 913 951 950 ut
991 906 1259 960 ostendatur,
1299 907 1401 963 quid

282 981 465 1025 maxime
492 981 546 1025 ad
579 981 727 1027 civium
749 982 943 1027 virtutem
967 990 1008 1026 et
1036 982 1271 1028 felicitatem
1296 997 1403 1027 con-

285 1057 423 1102 ducat.

337 1135 395 1179 Et
438 1150 539 1179 sane
581 1150 607 1178 a
647 1134 763 1179 nullo
803 1134 1132 1194 definiripotest
1157 1127 1402 1190 autflebet,

282 1212 353 1268 qui
396 1212 550 1270 gradus
588 1227 776 1256 summus
803 1212 857 1256 sit
884 1212 927 1255 in
958 1226 1044 1268 quo
1078 1212 1294 1257 hominum
1326 1228 1402 1271 ge·-

280 1287 369 1332 neri
406 1289 717 1334 consistendum
747 1289 962 1341 videatur,
994 1296 1257 1346 quantusque
1293 1304 1402 1349 pro-

280 1364 377 1408 inde
437 1365 578 1409 hiatus
636 1365 744 1410 inter
789 1365 927 1409 ideam
971 1364 1142 1422 ejusque
1175 1365 1230 1409 ad
1280 1382 1400 1410 usum

282 1443 593 1486 translationem
625 1441 936 1499 relinquendus.

341 1518 426 1564 Sed
464 1519 569 1563 haee
610 1519 847 1573 mittamus,
886 1519 1229 1576 quandoquidem
1265 1519 1401 1563 aliena

282 1597 431 1641 haberi
466 1604 647 1656 possunt
691 1595 747 1640 ab
791 1603 1036 1654 argumento
1066 1596 1181 1654 quod
1218 1601 1401 1638 tractare

282 1674 407 1718 nobis
434 1681 495 1719 est
528 1674 706 1719 animus.

341 1750 447 1794 Illud
490 1765 617 1794 unum
660 1749 1057 1803 animadvertimuS,
1114 1748 1271 1814 nulium
1316 1748 1404 1792 fere

285 1827 418 1885 magis
466 1841 728 1872 communem
787 1841 902 1880 esse,
952 1825 1020 1869 his
1070 1839 1178 1882 quae
1229 1823 1403 1869 vivimus

287 1903 572 1962 temporibus,
604 1918 819 1956 errorem,
850 1917 875 1947 a
903 1915 988 1959 quo
1016 1899 1074 1944 illi
1099 1899 1292 1959 inprimis
1321 1898 1404 1944 'sibi
1469 1897 1483 1930 7

289 1994 433 2025 cavere
464 1980 650 2033 discant,
682 1979 833 2036 quibus
857 1977 1110 2037 reipublicae
1132 1975 1404 2020 administra-

285 2058 345 2101 tio
387 2057 610 2114 aliquando
658 2058 737 2101 erit
776 2055 1075 2101 committenda
1092 2086 1105 2109 ,
1134 2047 1277 2113 'qua'm
1302 2068 1403 2111 ,quo

285 2133 390 2177 falso
423 2141 606 2191 putatur,
635 2134 749 2190 quod
776 2132 1048 2192 simpliciter,
1079 2131 1194 2188 quod
1213 2130 1402 2174 absolute

285 2209 446 2253 bonum
481 2209 533 2252 sit
573 2209 636 2252 vel
680 2209 914 2261 habeatur,
951 2207 1052 2252 illud
1101 2207 1301 2251 continuo
1347 2206 1403 2266 ad

285 2293 549 2344 praesentem
591 2301 728 2330 rerum
756 2286 1043 2330 conditionem
1064 2283 1402 2328 transferendum

330 2368 332 2371 ’
1362 2365 1404 2402 et

1081 2400 1135 2414 ξ(
