1487 2850
339 206 396 250 ³4
703 203 1086 247 ORATIO.

341 368 554 412 ornatum,
602 358 844 416 gravissima
886 358 1119 416 eademque·
1145 359 1443 408 hmnanissimfi

342 435 654 495 compellatione
688 435 904 492 juvenibus
939 436 1185 483 valedicens,

396 589 538 644 Neque
575 587 659 632 hoc
703 595 765 632 est
805 587 968 632 silentio
1006 591 1444 648 praetermittendum,

334 665 638 723 Heringam
669 665 720 711 V.
747 665 807 710 Cl.
843 666 886 709 in
929 666 1032 710 aede
1072 667 1137 711 Bti
1178 668 1446 725 Joannis,

333 742 449 786 brevi
465 749 561 801 post
583 741 782 786 decessus
797 749 960 801 tempus
976 744 1266 798 constitutum,
1287 747 1340 790 ad
1368 760 1447 790 co·-

335 819 496 862 hortem
512 819 755 863 concionem
780 834 943 864 sacram
971 820 1192 876 habuisse,
1219 838 1300 880 qua
1314 824 1447 869 Juve-

334 909 428 939 num
471 895 657 948 animos‚
699 910 780 955 pro
814 898 886 941 sua
928 898 1163 955 eloquentia
1202 907 1241 943 et
1268 914 1450 958 persua-

336 973 457 1016 dendi
489 973 552 1026 vi,
582 973 636 1016 ad
666 973 863 1032 pietatem
892 972 935 1017 in
951 974 1086 1018 Deum
1101 977 1347 1033 ceterasque
1359 975 1451 1021 vir-

335 1057 439 1094 tutes
487 1049 702 1104 incitaret,
753 1051 807 1095 ad
860 1051 1056 1110 fugienda
1090 1052 1217 1107 vitia,
1251 1060 1292 1098 et
1322 1053 1448 1100 vitam

338 1123 566 1185 prudenter
595 1118 891 1172 instituendam
917 1136 1114 1173 moveret.

392 1204 528 1261 Quam
560 1204 827 1259 concionem,
854 1220 948 1249 cum
965 1205 1045 1249 alia
1061 1194 1448 1264 temponribus‘con-

339 1280 549 1335 veniente,
598 1297 622 1325 a
662 1296 705 1326 se
735 1282 778 1325 in
821 1283 953 1326 lucem
977 1282 1154 1336 editam,
1184 1282 1278 1342 ipsa
1299 1283 1450 1330 deces-

338 1358 408 1401 sfis
440 1357 546 1402 hora
579 1359 745 1402 cohorti
770 1360 1099 1404 distribuendam
1130 1357 1332 1406 curm-lits

396 1434 516 1479 Faxit
541 1436 656 1480 Deus
685 1436 787 1495 Opt.
813 1437 923 1481 ⁷Max.
948 1444 993 1480 ut
1015 1437 1188 1482 Iuvenes
1211 1437 1309 1482 inde
1331 1438 1468 1482 fruc-

339 1519 403 1556 tus
429 1512 661 1557 uberrimos
692 1528 773 1572 pro
813 1515 943 1557 salute
973 1528 1047 1558 sua
1076 1528 1154 1572 per
1189 1528 1355 1568 omnem
1383 1514 1449 1558 vi-

338 1595 420 1632 tam
453 1597 712 1648 praesentem
744 1597 783 1634 et
812 1591 994 1634 suturam
1025 1590 1214 1650 capiant!

396 1666 486 1710 Hoc
517 1668 642 1722 Tibi,
673 1668 748 1713 Vir
775 1667 1023 1723 clarissime!
1056 1674 1226 1712 aeterno
1259 1668 1314 1712 sit
1343 1670 1450 1726 gan-

342 1743 439 1786 dio!

401 1896 640 1942 Advenerat
669 1898 837 1943 tandem
866 1898 933 1943 ille
967 1898 1082 1952 dies,
1113 1913 1198 1956 quo
1228 1907 1450 1958 parentes,
1485 1952 1487 1968 1

345 1982 566 2030 cognatos,
596 1977 780 2030 amicos,
812 1976 898 2020 imo
933 1990 1034 2019 vero
1064 1983 1104 2019 et
1144 1976 1281 2019 studia
1319 1976 1451 2020 disci-
1486 2019 1487 2029 ,

343 2050 547 2106 plinarum
570 2054 850 2110 relinquerent
888 2053 1086 2105 Iuvenes,
1120 2052 1281 2112 patriae
1317 2054 1451 2097 deco-

324 2140 391 2168 ra
419 2134 457 2169 et
488 2138 745 2174 ornamenta.
807 2130 1028 2173 Innumera
1062 2127 1278 2173 hominum
1308 2130 1452 2173 multi-

343 2202 446 2245 tudo
460 2235 471 2256 ‚
501 2205 694 2262 cujusque
717 2207 883 2260 aetatis,
907 2206 1068 2251 ordinis
1083 2237 1097 2260 ,
1120 2219 1265 2259 sexus,
1286 2206 1451 2250 ⁴cohor--

344 2286 428 2323 tem
458 2278 502 2324 in
535 2282 697 2340 agmine
731 2287 948 2329 exeuntem
973 2283 1169 2334 comitata
1197 2291 1286 2336 est,
1317 2282 1456 2332 <navi-2

1345 2360 1452 2403 bus-
