1487 2850
297 228 370 268 134
502 217 1173 268 ›COMMENTATRQ

345 325 474 372 Itaque
512 327 792 374 progrediamur
828 327 874 364 ad
915 326 1127 366 altitudines
1166 327 1400 369 meridianas.

296 396 376 434 Hae
412 407 483 442 ope
528 396 706 433 sextantis
754 404 922 434 accurate
969 397 1170 435 mensurari
1213 405 1401 446 possunt,

297 466 465 512 adeoque
490 465 641 503 minime
669 465 809 503 crimen
849 465 943 503 illud
976 465 1125 504 habent.
1197 467 1405 506 Enimvero

297 534 458 582 primum
493 535 649 573 altitudo
685 535 764 583 poli
808 544 936 573 exacte
968 535 1116 584 cognita
1150 534 1199 573 sit
1231 545 1407 584 oportet,

298 614 394 651 quae
421 604 459 642 in
487 603 568 652 ipsa
606 604 755 642 meridie
785 616 868 642 raro
899 605 945 642 ad
971 605 1120 642 unicum
1143 604 1324 643 minutum
1348 606 1406 649 in-

297 673 467 721 venitur,
495 683 531 711 et
557 683 646 722 post
670 675 816 722 aliquot
842 674 952 712 horas
983 675 1125 723 elapsas
1161 675 1298 714 sensim
1333 686 1410 730 ma-

298 742 356 792 gis
391 744 528 782 incerta
559 744 617 782 fit.
673 745 752 783 Imo
777 756 866 782 vero
888 745 1022 783 mirum
1046 744 1153 783 alicui
1176 744 1292 784 videri
1321 756 1412 793 pos-

298 813 378 860 sit,
429 813 571 861 duplici
607 814 767 851 consilio
801 814 1002 861 praescribi
1040 814 1161 852 nautis
1198 813 1410 853 altitudines

299 883 516 921 meridianas
539 867 723 930 *lunare53
762 883 905 928 modo,
934 891 997 928 ut,
1025 883 1108 921 data
1139 882 1411 931 declinatione,

298 952 531 991 latitudinem
564 952 779 999 inveniant3
821 951 958 997 modo,
987 958 1054 998 ut,
1080 952 1161 989 data
1190 951 1413 999 latitudine„

300 1030 478 1070 quaerant
506 1021 804 1060 declinationem.
867 1021 1055 1059 Alterutra
1085 1021 1281 1058 methodus
1314 1020 1411 1067 enirn

297 1090 403 1130 utilis
433 1100 489 1129 est
522 1099 635 1139 atque
663 1102 774 1138 sana,
810 1091 921 1130 altera
956 1090 1093 1128 sterilis
1128 1099 1239 1138 atque
1262 1091 1412 1140 jejuna:

289 1171 373 1201 :aut
396 1161 591 1200 declinatio
633 1161 742 1200 lunae
778 1160 869 1200 satis
907 1169 1074 1199 accurata
1112 1170 1198 1208 est,
1249 1170 1291 1198 ut
1326 1160 1414 1215 inde

298 1230 528 1269 latitudinem
565 1231 762 1278 invenias;
802 1239 866 1269 aut
896 1230 1053 1268 altitudo
1081 1232 1189 1279 poli,
1228 1239 1269 1268 ut
1303 1231 1416 1281 decli-

298 1300 487 1338 nationem
531 1300 615 1338 inde
658 1300 833 1338 deducas.
903 1300 1041 1346 Neque
1080 1300 1174 1336 enim
1216 1300 1413 1347 quisquam

303 1368 397 1406 mihi
432 1369 607 1418 objiciat,
647 1369 773 1406 eodem
810 1369 921 1405 modo
949 1377 1184 1406 astronomos
1214 1381 1320 1417 agere
1352 1380 1415 1407 so-

299 1437 403 1484 lere,
430 1437 497 1485 qui
533 1437 693 1485 primum
723 1437 956 1475 altitudinem
997 1437 1075 1486 poli
1108 1449 1128 1475 e
1152 1439 1297 1486 stellis,
1325 1451 1415 1487 qua-

301 1517 384 1545 rum
412 1506 620 1544 declinatio-
645 1507 794 1555 cognita
829 1508 902 1554 sit,
930 1508 1145 1556 inveniant,
1173 1517 1250 1547 turn
1267 1537 1280 1556 ,
1307 1510 1411 1547 adhi-

302 1576 380 1614 bita
409 1577 476 1615 hac
509 1576 704 1615 altitudine
729 1577 834 1625 poli,
874 1578 1136 1616 declinationes
1162 1578 1261 1626 ipsas
1285 1590 1407 1617 emen·

303 1646 407 1685 dent.
470 1647 567 1686 Nam
596 1656 660 1685 aut
690 1648 922 1695 respondeo,
962 1647 1032 1686 hos
1060 1648 1188 1686 eodem
1217 1649 1303 1686 loco
1335 1661 1410 1687 ma.-

305 1725 437 1754 nentes
475 1717 576 1772 illius
611 1717 840 1755 latitudinem
871 1729 916 1755 ex
941 1717 1081 1766 ingenti
1105 1729 1260 1756 numero
1290 1718 1417 1756 obser-

305 1785 500 1823 vationum
531 1795 699 1824 accurate
726 1787 878 1825 definire
908 1799 1046 1835 posse3
1076 1788 1113 1825 id
1138 1789 1240 1836 quod
1260 1800 1280 1825 a
1304 1797 1416 1826 nauta

307 1854 387 1894 fieri
417 1864 601 1903 nequeat:
631 1866 694 1893 aut
716 1856 809 1893 illud
833 1856 961 1904 potius
988 1858 1154 1906 objicio,
1183 1856 1221 1895 in
1245 1858 1418 1898 observa-

305 1926 412 1964 toriis
429 1954 442 1973 ,
489 1926 555 1964 ubi
579 1925 787 1974 positiones
823 1926 986 1968 siderum
1011 1935 1099 1975 post
1128 1936 1186 1965 tot
1215 1935 1416 1976 tantosque

306 1997 409 2035 viros
439 1996 686 2044 definiantur,
725 1996 908 2034 eliminata
944 1996 1115 2035 distantia
1153 1999 1296 2045 polari‚
1337 1997 1418 2036 lati-

307 2066 471 2106 tudinem
498 2078 517 2103 e
540 2066 637 2107 binis
663 2066 985 2114 circumpolarium
1016 2067 1232 2105 transitibus
1258 2067 1416 2105 inveniri

306 2137 442 2175 solere.
470 2136 566 2182 Sed,
594 2145 635 2174 ut
660 2136 748 2174 illuc
768 2136 910 2175 redeam
925 2163 938 2182 ,
961 2137 1049 2174 mihi
1075 2137 1176 2184 prior
1199 2136 1291 2174 ratio
1308 2137 1416 2176 unice

300 2204 435 2255 praxin
445 2205 634 2242 admittere
643 2233 656 2252 ,
667 2207 741 2243 imo
754 2206 841 2243 haec
855 2217 1006 2253 quoque
1025 2206 1239 2254 saepissime
1250 2218 1417 2255 magnam

302 2273 500 2316 utilitatem
521 2273 654 2313 habere
677 2274 856 2324 ‘videtum
885 2275 1156 2315 alterawnuuius
1174 2286 1264 2316 ¹esse
1284 2277 1414 2326 pretii.

1335 2344 1412 2384 Ac-
