1487 2850
381 182 892 223 LlT-ERAR1-A.
967 207 971 211 -
1167 199 1214 236 μ

102 302 225 332 creare
249 293 477 340 voluerunt,
501 301 540 331 et
566 293 673 332 fimul
707 305 749 332 ac
783 304 867 331 cum
887 292 1112 332 Praetoriani
1135 302 1219 334 tum

98 362 271 413 legiones·
293 374 315 400 a
348 362 383 400 se
408 363 669 411 Imperatorem
702 364 810 412 posse
838 363 951 402 creari
985 363 1213 401 animadver-

97 440 244 478 terant,
296 432 558 481 confirmat10‚
610 445 706 481 quae
740 445 852 482 penes
899 434 1073 472 Senatum
1108 442 1209 480 erat,

94 511 173 539 non
197 501 269 539 nisi
304 501 422 540 inanis
457 504 554 540 ritus
597 501 686 542 fuit.
753 503 870 541 Breve
908 503 1087 550 temporis
1132 503 1211 557 spa-

93 570 215 619 tium,
253 583 323 621 per
361 574 463 621 quod
496 572 642 620 Galba,
681 573 787 611 Otho
814 584 848 611 et
873 573 1049 611 Vitellius
1081 584 1211 627 regna-⁴

89 651 208 690 runt,
254 643 360 691 (narn
394 653 465 681 una
501 653 702 690 regnarunt
743 643 1000 690 duodeviginti
1045 641 1207 691 menses)

88 710 242 760 effecit,
286 721 330 750 ut
365 712 501 749 milites
538 712 783 760 gloriarentur
821 712 1032 750 efficacitate
1067 712 1208 750 arbitrii

87 780 170 829 sui;
199 790 425 830 quapropter
458 781 638 820 successio
670 782 708 819 in
732 782 887 830 imperio
925 782 1031 820 valde
1068 781 1208 836 incerta

90 850 218 890 fiebat.
269 850 371 889 Hinc
405 851 688 900 explicandum,
727 853 1003 900 Imperatores,
1037 853 1123 890 dum
1150 852 1208 890 vi-

88 929 242 966 verent,
297 932 564 970 nonnunquam
600 921 843 960 successorem
879 922 1112 968 nominasse,
1164 929 1208 959 ut

83 989 228 1038 imperii
260 991 355 1029 salus
391 991 626 1031 stabiliretur.
689 992 917 1041 Exemplum
954 991 1066 1030 nobis
1099 1002 1206 1040 prae·

80 1059 146 1099 bet
170 1061 320 1107 Nerva,
360 1062 427 1109 qui
460 1061 663 1110 Trajanum
697 1062 890 1110 adoptavit
927 1061 1069 1108 filium,
1097 1072 1202 1100 eum-

81 1142 157 1177 que
186 1131 377 1169 Caesarem
409 1143 430 1169 a
468 1132 605 1170 Senatu
636 1131 895 1180 designandum
931 1131 1090 1170 curavit.
1144 1130 1202 1168 Ut

79 1199 196 1249 igitur
233 1200 388 1249 proprie
419 1201 688 1248 Imperatorum
725 1209 828 1238 erant
861 1200 1111 1248 praesidium,
1150 1199 1198 1237 ita

76 1268 145 1318 ipfi
167 1270 413 1318 Imperatores
439 1271 485 1308 ab
517 1270 562 1309 iis
590 1271 816 1319 pendebant.
870 1270 969 1307 Nam
1004 1268 1202 1307 interficie-

75 1339 165 1377 bant
194 1340 469 1389 Imperatores,
507 1351 707 1388 novcsque
735 1351 806 1389 pro
843 1340 970 1379 lubitu
1006 1340 1194 1378 creabant.

71 1409 188 1459 Quod
212 1421 301 1448 vero
325 1411 371 1448 ad
394 1410 486 1448 illud
512 1410 668 1457 attinet,
693 1410 813 1458 probe
833 1411 1031 1448 tenendum
1046 1437 1061 1457 ,
1087 1410 1196 1448 Prae·

69 1480 237 1518 torianos
278 1491 357 1518 non
393 1480 649 1519 auctoritatem
693 1480 958 1529 Imperatoris,
1021 1480 1083 1519 sed
1119 1480 1194 1517 Im·

68 1559 276 1599 peratorem
314 1549 433 1599 ipsum
467 1549 658 1598 aggressos
709 1549 838 1588 fuisse.
908 1549 1049 1587 Merito
1097 1547 1192 1587 dixit

69 1620 380 1660 Gibbonus:
425 1648 449 1667 ‚‚
476 1621 567 1657 Non
602 1619 832 1657 ducebantur
863 1618 917 1666 ii,
955 1618 1019 1666 qui
1046 1618 1194 1666 conspi-

71 1717 97 1738 ,‚
121 1689 251 1728 rabant
274 1691 313 1727 in
339 1690 544 1737 Caligulam
562 1718 576 1737 ,
604 1690 794 1728 Neronem
836 1697 871 1727 et
905 1689 1188 1736 Domitianum,

68 1759 300 1808 „libertatis
333 1771 488 1806 amore,
529 1758 588 1797 sed
617 1771 662 1796 eo
700 1758 848 1807 studio,
885 1766 927 1797 ut
961 1758 1034 1808 ipsi
1068 1758 1190 1796 essent

65 1857 91 1877 ‚‚
115 1829 336 1871 incolumes.
413 1828 740 1877 Aggrediebantur
789 1828 908 1876 ipsum
955 1837 1183 1878 tyrannum,

67 1928 92 1948 „
118 1910 196 1938 non
219 1911 311 1938 vero
349 1900 608 1937 auctoritatem
638 1898 918 1948 Imperatoriarn
944 1898 1083 1936 adoriri
1110 1897 1185 1936 stu·

66 1998 93 2018 ,‚
117 1971 252 2009 debant
273 1969 299 1987 ''
324 1969 412 2020 (1).
464 1969 597 2017 Itaque
619 1969 663 2007 ad
688 1969 831 2007 animos
860 1968 995 2006 horum
1020 1967 1182 2006 militurn

59 2040 259 2090 placandos
283 2039 381 2077 dona
411 2037 457 2076 ab
490 2038 781 2086 Imperatoribus
818 2037 935 2077 danda
966 2045 1095 2086 erant,
1129 2038 1176 2076 de

55 2108 196 2160 quibus
231 2107 417 2147 donativis
455 2105 550 2146 infra
585 2108 811 2148 videbimus.
877 2107 1067 2147 Mandatis
1100 2106 1177 2145 sae-

1091 2177 1178 2227 pius

91 2258 148 2300 (ι)
167 2260 240 2291 Vol.
259 2260 285 2290 1.
307 2260 383 2297 Cap,
405 2270 435 2296 3-
458 2269 526 2297 pag.
553 2271 615 2299 44.-
