1487 2850
284 221 327 261 18
504 217 1167 260 COMMENTATIO

286 327 506 367 Mercurius
530 335 642 375 atque
673 327 918 367 Venus-circa
938 337 1084 376 tempus
1118 328 1395 378 conjunctionis

283 397 323 436 in
357 397 436 434 sole
466 404 658 444 apparent.
713 395 891 442 Rursus,
928 404 969 433 ut
1001 396 1090 434 haec
1119 396 1291 444 eveniat,
1318 398 1396 445 pla·

288 475 374 505 neta
419 466 616 503 admodum
662 465 829 513 exiguam
877 465 924 502 ab
969 465 1136 513 ecliptica
1187 465 1399 504 distantiam

290 535 370 572 sive
408 534 637 571 latitudinem
673 535 812 572 habere.
841 534 975 573 debet:
1017 533 1192 581 quocirca
1226 534 1269 572 hi·
1289 543 1400 572 trau-

286 606 377 643 situs
428 604 502 653 (sic
551 603 647 641 enim
701 603 907 651 audiunt),
967 603 1165 652 praecipue
1214 603 1397 652 Veneris,

290 681 444 721 propter
473 673 657 721 insignem.
686 675 913 721 parallaxeos
934 672 1066 711 solaris
1089 680 1207 721 atque
1223 684 1399 711 venereae

287 741 550 787 differentiam,
578 744 685 781 valde
710 743 782 780 rari
803 751 927 781 erunt.

336 813 438 851 Haec
469 813 596 861 itaque
626 813 903 860 phaenomena,
951 812 1136 859 inquam,
1179 810 1253 850 etsi
1291 809 1400 848 mini·

283 893 343 919 me
370 884 499 920 eodem
533 891 700 931 tempore
724 881 885 930 physico
917 890 1032 918 terrae
1063 879 1196 919 incolis
1219 879 1399 918 omnibus

282 960 510 1000 appareant,
537 960 658 989 tamen
683 951 733 988 ita
762 958 971 998 comparata
994 957 1121 1005 sunt,
1137 957 1180 986 ut
1207 948 1295 986 inde
1316 949 1402 985 lon,

281 1021 412 1067 gitudo
449 1019 608 1060 inveniri
647 1019 784 1068 possit.
848 1018 998 1066 Insigne
1042 1017 1135 1056 illud
1177 1016 1404 1062 discrimen,

287 1091 389 1137 quod
425 1091 522 1128 inter
557 1091 647 1128 duas
682 1091 748 1127 has
779 1089 922 1137 species
955 1087 1148 1136 eclipsium
1181 1085 1406 1133 intercedit,

286 1159 429 1206 optime
453 1172 498 1198 ex
522 1161 602 1197 sota
627 1158 757 1206 eclipsi
789 1158 908 1196 lunari
944 1155 1122 1204 explica-ri
1153 1155 1248 1192 mihi
1281 1164 1403 1204 posse

284 1227 448 1268 videtur.
501 1229 676 1268 Diximus
711 1235 843 1274 antea,
883 1226 924 1265 id
948 1225 1052 1273 quod
1085 1223 1293 1270 unicuqu
1315 1234 1402 1271 per·

283 1297 458 1346 spicuum
486 1309 569 1336 esse
597 1298 733 1343 debet,
774 1297 1002 1343 simulatquev
1023 1296 1135 1332 lunae
1162 1293 1302 1339 limbus
1335 1302 1401 1329 co-

282 1377 373 1403 num
414 1369 633 1406 umbrosum
677 1367 817 1414 intret,
865 1364 1041 1402 omnibus
1079 1363 1222 1407 telluris
1264 1361 1400 1400 incolis

284 1435 432 1473 initium
465 1437 648 1484 eclipseos
678 1436 806 1474 eodem
838 1442 1028 1472 momento
1060 1443 1251 1481 apparere.
1294 1431 1401 1480 Jam,

285 1505 378 1552 age!
420 1516 634 1554 ponamus,
685 1505 824 1542 incolas
862 1504 968 1541 etiam
1005 1513 1088 1541 esse
1119 1503 1249 1548 lunae,
1304 1510 1402 1548 quos

286 1574 460 1613 selenitas
487 1574 567 1613 sive
604 1587 767 1612 menaeos
806 1574 915 1610 liceat
950 1573 1062 1610 nobis
1086 1572 1287 1620 appellat-e.
1345 1571 1406 1608 E'x

288 1643 348 1680 his
394 1644 447 1691 ii,
501 1644 566 1691 qui
600 1643 756 1681 limbum
794 1643 907 1680 istum
949 1642 1139 1687 habitant,
1180 1639 1406 1687 interposita

288 1720 412 1760 terra,
439 1712 531 1750 solis
556 1713 728 1761 eclipsem
773 1711 1028 1761 experiuntur·
1081 1712 1139 1749 At·
1158 1709 1404 1748 nihilominus

286 1792 332 1818 eo
367 1792 535 1830 tempore
570 1781 624 1829 ii,
669 1782 735 1829 qui
763 1782 808 1818 ab
846 1782 918 1818 hoc
952 1781 1068 1818 limbo
1110 1778 1245 1817 remoti
1282 1786 1404 1825 sunt,

291 1861 450 1896 quorum
483 1851 573 1888 adeo
602 1858 757 1888 tractum
803 1860 872 1886 nos
907 1849 1028 1887 adhuc
1066 1848 1292 1892 illust-ratum
1322 1857 1407 1884 esse

288 1918 479 1965 videmus,
507 1920 622 1957 solem
653 1918 863 1966 adspiciunt
899 1928 935 1955 et
969 1918 1096 1966 paullo
1129 1925 1219 1965 post
1255 1917 1407 1954 demum

290 1987 480 2026 amittunt.
553 1988 608 2026 Ita
639 1988 714 2034 iis,
769 1988 833 2035 qui
863 1987 904 2024 'in
940 1987 1120 2035 opposito
1153 1986 1276 2027 limbo.
1298 1983 1409 2023 habi,

290 2065 398 2103 tant,
425 2066 504 2095 tum
529 2065 722 2104 postremo
746 2057 926 2104 eclipseos
954 2055 1046 2093 solis
1071 2055 1217 2093 initium
1253 2066 1408 2104 appare-

293 2125 350 2162 bit
364 2153 377 2173 ‚
404 2122 489 2163 cum
507 2126 618 2163 nobis
642 2134 746 2163 totus
767 2128 876 2167 lunae
887 2126 1013 2163 discus
1025 2124 1192 2162 Umbram
1215 2122 1408 2172 ingressus

298 2206 380 2233 esse
403 2195 602 2232 videbitur.
632 2196 939 2243 Unumquodque
959 2194 1084 2241 itaque
1098 2195 1207 2232 lunae
1223 2201 1408 2242 punctum

296 2264 487 2312 terrigenis
519 2263 674 2312 subito,
702 2265 767 2305 sed
790 2263 1086 2313 unumquodque
1109 2263 1208 2308 solis
1224 2272 1407 2317 punqttyn

1330 2340 1409 2374 me·
