1487 2850
315 217 980 261 ASTRONOMICA.
1136 238 1207 273 149

105 353 129 373 „
156 325 327 364 resultats
353 334 441 364 sont
469 328 556 381 plus
587 329 743 366 certains
783 331 828 368 de
862 332 895 369 la
929 340 1055 376 sorte,
1096 343 1207 379 parce

98 422 123 442 „
150 394 262 442 qu’ils
301 395 408 433 n'ont
443 409 508 445 pas
535 397 827 437 l’inconvenient
864 401 908 438 de
942 401 1125 449 dependi-e
1160 403 1206 438 de

94 491 119 510 „
145 464 179 500 la
213 464 463 504 simultaneite
500 467 564 505 des
595 468 906 508 observations.”
970 471 1025 508 Ita
1062 471 1206 508 Fran-

90 544 260 572 coeur.
314 537 439 573 Altera
466 548 554 573 vero
583 537 643 574 illa
678 538 798 585 ratio,
827 550 921 585 quae
947 548 1093 587 tempus
1123 540 1206 576 alti-

89 604 282 643 tudinibus
322 606 544 652 substituit,
573 606 641 643 etsi
678 609 775 645 terra
808 607 969 645 fortasse
996 607 1204 656 praeferen-

89 673 162 719 da,
201 673 290 710 mari
321 675 434 721 longe
469 674 624 711 inferior
661 686 741 712 esse
780 675 952 722 videtur,
1005 676 1202 723 praecipue

89 741 177 789 quia
212 741 450 790 horologium
480 753 606 780 exacte
637 743 830 790 cognitum
872 754 953 781 esse
991 743 1125 788 debet,
1165 752 1202 781 et

89 811 176 859 quia
208 813 372 849 calculus
404 813 600 850 admodum
626 814 761 860 longus
790 821 861 851 est.
919 842 942 860 „
970 814 1080 852 Cette
1110 824 1203 850 mar·

87 907 113 929 „
138 882 208 923 che
242 892 263 919 a
294 893 367 929 peu
400 882 445 919 de
481 882 691 930 precision,
736 891 772 920 et
810 882 888 919 l'on
925 883 990 931 n’y
1022 891 1199 928 recourt,

87 977 111 999 „
137 962 212 998 que
247 951 443 999 lorsqu’on
485 963 531 989 ne
576 961 666 999 peut
702 952 790 989 faire
823 961 1054 989 autrement:
1093 952 1200 989 d'ail-

87 1020 239 1068 „leurs
270 1032 320 1058 on
355 1029 411 1060 est
452 1022 606 1059 conciuit
641 1023 660 1059 21
694 1023 758 1059 des
801 1022 936 1059 calculs
973 1022 1058 1069 plus
1090 1022 1198 1069 longs

87 1116 112 1136 ,‚
139 1101 214 1137 que
239 1101 336 1128 ceux
361 1091 478 1138 qu'on
504 1091 605 1129 vient
638 1091 863 1138 d’indiquer.
880 1091 905 1108 ”
962 1091 1110 1130 Rursus
1149 1092 1199 1130 ita

82 1158 387 1198 Francoeur
414 1161 499 1211 (1).

130 1228 227 1265 Data
266 1230 443 1277 pieraque
493 1231 760 1282 requiruntur,
810 1232 946 1279 partim
990 1232 1035 1269 ad
1071 1232 1196 1269 lunam

73 1297 324 1346 pertinentia,
372 1298 504 1346 partim
539 1300 584 1337 ad
619 1301 774 1337 alterum
813 1301 930 1338 sidus.
1009 1301 1112 1349 Quae
1150 1300 1196 1337 ad

75 1368 192 1405 solem
219 1376 283 1405 aut
318 1366 410 1406 fixas
433 1369 638 1407 zodiacales
666 1370 880 1417 pertinent,
907 1371 996 1409 haec
1025 1370 1127 1408 omni
1149 1369 1196 1408 fi-

77 1437 185 1474 ducia
220 1447 422 1476 merentur.
489 1437 654 1477 Theoria
687 1450 777 1477 vero
813 1441 921 1478 lunae
945 1441 1192 1489 planetarum-

77 1517 152 1554 que
184 1515 338 1554 motus,
375 1507 430 1545 uti
461 1509 534 1557 Jam
563 1509 803 1556 monuimus,
831 1511 937 1558 plane
965 1520 1089 1549 exacta
1112 1521 1190 1548 non

73 1584 184 1615 sunt:
214 1577 290 1615 imo
322 1577 459 1626 passim
492 1578 650 1628 insignis
681 1591 784 1619 error
812 1581 900 1619 hinc
934 1582 1024 1619 oriri
1062 1591 1188 1630 queat.

70 1645 145 1696 Sed
177 1646 271 1684 hanc
310 1647 358 1684 ob
394 1659 541 1686 causam
582 1650 750 1697 pianetae
794 1652 943 1690 minime
977 1652 1189 1702 negligendi

70 1722 192 1762 sunt,
217 1715 358 1764 quippe
387 1728 472 1756 cum
506 1729 608 1756 error
634 1719 673 1756 in
696 1730 824 1758 eorum
858 1721 1073 1769 positione,
1113 1733 1190 1760 ma-

65 1783 128 1833 jor
155 1785 219 1822 ille
242 1786 391 1832 quidem
417 1786 578 1825 fortasse
602 1800 712 1835 quam
735 1790 772 1826 in
799 1789 882 1839 fixis
898 1818 910 1837 ,
939 1791 1029 1827 satis
1058 1802 1190 1838 super-

9 1842 11 1844 *
70 1865 146 1901 que
171 1854 310 1902 maJ‘ore
333 1854 451 1892 bonae
485 1855 761 1903 observationis
791 1857 1054 1905 probabilitate
1081 1870 1185 1897 corn·

66 1933 259 1972 pensetur.
314 1925 492 1964 Calculus
524 1926 721 1965 admodum
752 1929 889 1977 longus
924 1937 1010 1975 est,
1050 1937 1115 1976 et,
1148 1929 1183 1967 si

65 2004 152 2031 cum
176 1994 330 2041 reliquis
355 1995 601 2032 astronomiae
626 1996 875 2043 navigatoriae
896 1996 1178 2045 operationibus

63 2071 328 2110 comparetur,
361 2063 450 2101 satis
478 2063 650 2102 difficilis.
703 2066 783 2103 Imo
813 2077 900 2104 vero
924 2067 1024 2114 apud
1048 2076 1178 2106 nautas

61 2130 256 2170 distantiae
291 2133 458 2171 calculus
486 2134 678 2182 proverbii
715 2135 832 2175 instar
867 2136 1095 2184 adhibetur,
1133 2147 1176 2175 ut

1047 2219 1176 2256 quam-

99 2282 522 2320 (1)Francoeur‚t.l.
551 2291 627 2323 248,
649 2294 716 2324 249.
