1565 2865
267 203 362 232 XIV

263 348 441 392 sentium
483 344 804 398 desiderabunt,
854 359 927 390 sua
969 345 1110 391 ‘officia
1126 377 1139 401 ,
1170 352 1372 404 quantum

263 424 455 470 valetudo
486 423 698 482 permittet
716 454 728 477 ,
760 419 901 467 offert.

346 613 395 659 In
449 614 798 659 FACULTATE
847 612 1285 658 PHILOSOPHIAE

415 691 840 735 THEORETICAE
871 703 931 734 ET
958 690 1205 735 LITERA-

513 769 641 813 RUM
682 768 1113 820 HUMANIORUM‚

713 844 927 888 docebunt

318 1038 544 1093 Logicam
569 1035 610 1080 J.
635 1033 689 1081 F.
714 1034 763 1079 L.
784 1021 1132 1085 SCHR‘ODER,
1162 1029 1231 1075 die
1250 1029 1372 1075 lunae

259 1120 384 1170 atque
412 1111 595 1165 saturni,
624 1111 731 1155 hora
759 1110 815 1156 ΙΙ.

314 1192 593 1234 Doctrinam
622 1192 842 1232 moralem
869 1197 1005 1245 atque
1032 1189 1251 1230 nonnulla
1272 1189 1372 1228 loca

260 1271 449 1339 selecta..
469 1285 522 1310 ex
551 1268 897 1322 Metaplzysices
927 1266 1139 1307 doctrina
1168 1263 1209 1306 J.
1236 1262 1287 1307 F.
1321 1262 1371 1308 L.

260 1342 580 1388 SCHRODER
595 1375 606 1395 ‚
635 1341 781 1385 diebus
800 1340 904 1385 iovis
924 1347 963 1384 et
980 1339 1145 1385 veneris
1158 1371 1169 1392 ,
1190 1339 1298 1383 hora
1313 1338 1370 1384 ΙΙ.

317 1423 510 1462 Literas
540 1420 732 1463 Latinas
763 1419 815 1463 A.
838 1432 942 1462 VAN
971 1416 1371 1469 GOUDOEVER,

260 1495 406 1540 diebus
444 1498 592 1550 lunae,
631 1496 805 1549 martis,
850 1494 955 1538 iovis
995 1502 1034 1539 et
1067 1494 1254 1548 veneris,
1288 1494 1375 1538 ho-

258 1589 307 1617 ra
336 1574 385 1618 X.
430 1573 748 1632 interpretando
781 1586 875 1616 eum
907 1571 1123 1616 Ciceronis
1162 1571 1372 1616 orationes

258 1650 517 1710 Philippicas
545 1651 590 1694 in
621 1650 680 1694 M.
705 1650 961 1704 Antonium,
991 1656 1081 1693 tum
1113 1649 1164 1694 P.
1187 1647 1375 1693 Terentii

261 1727 534 1772 Comoediam
563 1727 793 1786 Adelphos.

317 1808 393 1849 De
425 1809 599 1862 optima
639 1821 742 1847 cum
771 1819 1032 1860 puerorum
1069 1803 1375 1845 instituendo-

263 1899 389 1935 rum,
420 1891 516 1925 tum
539 1882 808 1926 Licet-arum
833 1882 1178 1923 Humanior-um
1208 1882 1375 1921 docen—

262 1962 430 2001 darum
470 1962 545 2002 via
585 1960 842 2014 disputabit
882 1957 934 2001 A.
965 1970 1070 2000 VAN
1096 1954 1377 2000 GOUDOE-

263 2035 407 2089 VER,
427 2035 572 2080 diebus
590 2035 806 2087 mercurii,
831 2033 873 2078 h.
890 2034 923 2078 I.
957 2040 997 2077 et
1013 2032 1193 2086 saturni,
1224 2032 1268 2077 h.
1282 2031 1377 2076 XII.

319 2114 663 2171 Antiquitatem
687 2114 939 2154 Romanam
969 2111 1021 2154 A.
1049 2124 1154 2154 VAN
1179 2107 1378 2154 GOUD-

267 2190 488 2242 ossVER,
526 2190 671 2234 diebus
692 2190 838 2244 lunae,
864 2187 1083 2243 mercurii,
1114 2187 1220 2234 iovis
1240 2193 1281 2231 et
1299 2201 1374 2230 sa-

265 2267 406 2321 turni,
437 2267 544 2312 hora
573 2267 646 2312 IX.

1275 2337 1378 2383 Ex·-
