2912 4368
1040 950 1439 996 ORATIO.
1739 951 1795 995 115

684 1128 710 1156 (ε
741 1123 933 1155 verum
976 1108 1181 1162 historia,
1235 1114 1280 1152 ut
1324 1107 1633 1152 demonstretur
1675 1108 1796 1152 simul

684 1204 713 1231 (ε
742 1201 868 1244 quam
907 1185 964 1229 illi
1007 1185 1116 1238 vim,
1157 1185 1241 1229 hoc
1286 1185 1489 1244 tempom's
1541 1185 1705 1244 spatio,
1754 1184 1798 1227 in

684 1280 711 1308 ι(
742 1263 968 1323 Imperium
998 1263 1239 1307 Romanum
1269 1262 1532 1306 habuerint’'

741 1340 863 1386 Ordo
900 1355 1029 1384 unum
1068 1340 1160 1384 tulit
1202 1354 1451 1399 responsum
1470 1372 1481 1393 ‚
1524 1340 1606 1385 hoc
1646 1340 1801 1384 Tibulli

683 1431 805 1461 versu
832 1416 1112 1475 inscriptum:

725 1579 1006 1621 »Phoebefavel
1034 1588 1137 1608 novus
1162 1578 1351 1618 ingreditur
1370 1583 1432 1608 tua
1456 1577 1582 1618 templa
1607 1577 1799 1607 sacerdosfl

737 1720 867 1777 Cujus
903 1727 1052 1764 auctor
1086 1734 1182 1765 cum
1217 1720 1472 1778 diligentiam
1502 1720 1656 1766 Ordini
1684 1721 1803 1765 Lite-

681 1798 795 1843 rario
834 1798 1033 1856 probavit
1064 1797 1108 1841 in
1149 1798 1325 1842 historia
1363 1798 1598 1842 enarranda
1629 1798 1802 1842 militum

680 1874 1074 1929 Praeton'anorum3
1107 1881 1195 1917 tum
1223 1874 1346 1918 etiam
1394 1888 1570 1918 acumen
1611 1881 1651 1918 et
1688 1873 1802 1930 judi-

681 1951 792 1995 cium
828 1951 871 1994 in
915 1951 955 1994 vi
997 1950 1286 2009 exploranda,
1332 1967 1457 2008 quam
1498 1951 1541 1994 in
1576 1951 1802 2010 Imperium

682 2027 921 2072 Romanum
947 2027 1099 2072 milites
1129 2028 1199 2072 isti
1224 2027 1472 2072 habuerunt.
1516 2028 1679 2086 Quibus
1707 2029 1802 2072 lau-

681 2105 804 2149 dibus
835 2105 1036 2150 orationis
1068 2105 1145 2149 dos
1176 2106 1362 2158 accedit,
1409 2120 1515 2163 quae
1551 2105 1742 2165 inprimis
1776 2121 1800 2150 a

680 2183 977 2242 perspicuitate
1004 2184 1408 2228 commendationem
1439 2184 1580 2228 habet.
1634 2184 1802 2242 Quam-

681 2261 830 2304 obrem
856 2261 1026 2319 dignam
1052 2261 1163 2304 hanc
1193 2261 1587 2305 commentationem
1620 2261 1800 2305 Judica-

684 2338 740 2381 vit
769 2338 919 2391 Ordo,
950 2353 1056 2395 quae
1082 2339 1271 2396 praemio
1303 2345 1537 2382 ornaretur.

737 2494 900 2552 Aperta
942 2502 1080 2538 autem
1116 2493 1304 2547 scidula,
1346 2501 1561 2538 auctorem
1594 2507 1683 2537 esse
1713 2493 1800 2549 ejus

682 2568 839 2629 patuit,

681 2686 864 2730 Sarum
889 2687 1173 2731 Adrianum
1198 2686 1449 2730 Jacobum
1479 2687 1798 2739 Groneman,

738 2775 775 2806 ln
802 2777 971 2807 Acade-mia
993 2776 1313 2815 Rheno-'l'rnjeetina
1338 2776 1421 2807 Litt.
1453 2776 1548 2806 Huni.
1576 2782 1606 2805 et
1634 2776 1749 2805 Theo-

1078 2830 1178 2868 logiae
1206 2828 1405 2861 studiosum.

1123 2995 1375 3003 ---———---.
