1487 2850
304 193 963 237 ASTRONOMICA.
1112 208 1184 249 14?

67 314 106 344 te
153 305 244 344 adeo
290 305 467 343 molestae
509 315 586 343 non
624 314 729 344 sunt.
807 304 1012 344 Distantiae
1058 314 1182 346 autem

69 386 237 414 mensura
281 375 548 413 taediosissima
593 384 674 422 est,
727 384 764 413 et
798 387 843 414 eo
882 377 1025 425 magis,
1079 376 1182 424 quod

67 446 155 482 haec
191 444 357 482 omnium
395 445 667 482 accuratissime
704 446 801 483 sumi
839 447 962 484 debet.
1041 447 1182 496 Quoti-

67 514 173 552 dIana
202 514 424 561 experientia
459 526 605 561 usuque
638 515 702 553 diu
739 516 893 553 edoctus
927 516 976 554 sit
1002 526 1176 565 oportet,

66 583 133 631 qui
157 584 251 621 hanc
285 584 581 622 observationem
617 585 876 632 aggrediatur,
906 594 1015 633 quam
1050 587 1178 624 nullus

65 653 209 692 haesito
237 653 431 692 universae
455 653 702 690 astronomiae
730 654 899 692 nauticae
924 654 1179 702 operationem

68 723 229 761 maxime
249 723 435 760 delicatam
463 732 573 771 atque
601 723 774 761 subtilem
801 724 1058 772 pronuntiare.
1101 723 1180 762 Ne·

68 803 131 830 mo
165 793 362 840 quisquam
402 793 492 831 mihi
526 794 788 842 persuadebit,
829 793 1021 832 distantias
1059 795 1179 832 solem

66 861 164 900 inter
197 872 309 910 atque
334 863 457 901 lunam
491 864 580 901 mari
605 864 701 901 intra
729 865 798 912 15⁰
822 873 923 902 certo
958 863 1058 902 sumi
1086 875 1178 913 pos-

66 943 134 979 se;
164 940 200 970 et
223 943 343 970 tamen
370 933 436 972 hae
459 935 569 981 longe
601 932 747 971 facilius
773 934 1039 981 observantur,
1068 944 1180 982 quam

69 992 263 1040 distantiae
295 1016 314 1041 a
337 1004 479 1041 stellis:
511 1004 629 1041 multo
659 1003 783 1050 itaque
815 1003 938 1041 minus
967 1003 1013 1040 iis
1042 1004 1179 1050 credo,

67 1072 133 1118 qui
171 1072 248 1124 hasv
270 1073 362 1111 intra
393 1074 465 1110 20‘'
489 1073 678 1111 observari
709 1085 821 1121 posse
854 1081 1033 1111 statuant.
1102 1073 1181 1122 Qui

73 1142 124 1179 ita
166 1143 364 1189 scribunt,
407 1142 638 1181 difficultates
675 1143 894 1189 sublevare,
931 1152 966 1180 at
991 1142 1101 1180 simul
1126 1143 1184 1190 ip-

71 1222 137 1249 sos
164 1220 282 1249 semet
312 1220 349 1249 et
375 1212 466 1249 alios
501 1212 669 1259 decipere
702 1212 792 1249 mihi
828 1212 1013 1250 videntur.
1067 1211 1187 1258 Equi-

75 1281 153 1319 dem
188 1281 237 1319 ita
270 1293 404 1319 censeo
433 1285 536 1325 (erro
563 1290 684 1319 autem
714 1283 898 1328 fortasse,
928 1292 964 1319 et
988 1293 1077 1319 vero
1105 1292 1183 1329 quo

72 1350 224 1399 longius
248 1351 308 1389 hic
338 1362 359 1388 a
386 1351 541 1389 veritate
563 1351 723 1389 aberrem
739 1380 751 1398 ‚
780 1363 824 1389 eo
851 1352 965 1400 magis
992 1351 1185 1390 universae

69 1420 317 1469 ‘navigationis
353 1432 462 1458 causa
494 1420 732 1468 laetabor!)‚
770 1421 809 1458 in
851 1432 984 1468 genere
1021 1432 1184 1460 errorem

72 1490 289 1529 observatae
313 1491 507 1529 distantiae
543 1490 680 1529 lunaris
718 1492 815 1540 30⁹,
845 1492 920 1529 imo
947 1492 1048 1540 40¹¹,
1075 1491 1188 1529 attin-

73 1572 159 1610 gere
185 1572 312 1610 posse.

132 1631 206 1670 Sed
236 1643 321 1670 cum
360 1631 580 1670 observandi
606 1631 698 1670 solis
736 1632 1000 1680 opportunitas
1029 1630 1191 1671 subinde

77 1712 154 1741 non
185 1701 261 1748 sit,
289 1710 325 1739 et
349 1703 605 1750 cognoscenda
631 1711 750 1740 tamen
772 1703 878 1740 navis
901 1702 1070 1750 positio,
1097 1699 1192 1739 illud

80 1771 187 1809 etiam
211 1780 324 1818 atque
347 1774 453 1809 etiam
479 1773 683 1821 urgendum
706 1782 784 1819 est,
813 1781 854 1810 ut
875 1780 1010 1810 nautae
1032 1783 1052 1809 a
1078 1770 1162 1809 fixis
1177 1798 1192 1819 ‚

80 1841 184 1889 quod
217 1840 384 1889 faciunt,
412 1853 487 1880 non
522 1843 752 1892 abstineant3
786 1843 852 1880 sed
880 1853 1026 1879 omnem
1051 1841 1194 1888 impen-

83 1912 170 1950 dant
192 1923 338 1960 operam
355 1941 368 1959 ‚
397 1924 473 1960 quo
489 1912 602 1961 magis
617 1913 653 1950 in
667 1913 725 1950 his
741 1912 926 1950 distantiis
940 1911 1193 1949 mensurandis

82 1979 309 2019 habilitatem
347 1984 527 2029 quandam
557 1992 592 2020 et
616 1994 723 2021 usum
752 1983 959 2029 acquirant.
1000 1981 1073 2019 Sed
1100 1981 1196 2018 mul-

84 2058 127 2088 to
155 2051 263 2089 etiam
295 2052 438 2101 magis,
473 2052 510 2090 in
549 2053 617 2090 hac
656 2052 877 2090 observandi
912 2052 1001 2090 fixas
1032 2060 1197 2089 extrema

86 2120 324 2168 difficultate,
377 2123 540 2170 planetas
588 2122 752 2160 adhiberi
803 2122 909 2160 velim
947 2121 1196 2169 insigniores:

84 2191 227 2240 quippe
257 2192 444 2230 discorum
471 2201 666 2231 contactus
702 2191 817 2230 ferme
852 2203 968 2240 aeque
1010 2199 1111 2230 certo
1146 2199 1201 2228 at-

96 2272 171 2310 que
206 2263 300 2301 solis
338 2262 529 2302 observari
565 2271 718 2312 potest;
759 2272 823 2310 et,
875 2262 978 2310 quod
1013 2270 1200 2300 summum

591 2331 626 2371 K
656 2344 679 2371 2
1112 2337 1200 2379 est,
