1487 2850
386 222 897 271 L1TERAR1m
1149 230 1202 272 m

81 332 174 373 ⁴etin]
198 333 386 381 inierunt,
409 341 447 372 et
472 334 669 373 Falconem
702 332 904 372 Consulem
935 331 1199 379 Imperatorem

83 404 332 453 delegerunt,
379 404 443 451 qui
482 404 731 453 principatum
765 402 840 441 fibi
873 410 1007 451 optans
1047 399 1195 440 infidias

89 473 218 512 struxit
226 472 298 511 seni
315 474 546 522 Imperatori.
579 501 608 520 ‚‚
623 473 718 512 Nam
732 472 889 510 Laetum
902 499 916 519 ‚
931 472 981 509 ait
994 473 1027 511 C
1038 482 1092 519 ap
1104 469 1117 507 i
1128 478 1145 508 t
1155 481 1199 509 ο·

85 571 120 591 „
146 544 316 589 linus,
342 545 604 592 poenituerat,
634 542 735 589 quod
771 542 1032 589 Imperatorem
1058 539 1198 580 fecerat

89 640 121 662 „
148 614 398 661 Pertinacem,
425 613 563 651 idcirco
588 612 674 659 quia
700 623 784 650 eum
807 612 910 648 velut
936 609 1087 647 stultum
1108 609 1197 648 inti-

85 710 117 730 „
145 690 321 720 matorem
337 683 597 721 nonnullarum
618 691 740 718 rerum
767 679 1057 727 reprehendebat
1070 678 1095 696 ''
1109 678 1196 729 (1).

83 750 221 792 Odium
248 752 287 790 in
313 752 538 790 Pertinacem
566 750 604 788 in
639 749 717 788 dies
758 757 906 788 auctum
924 777 938 796 ,
966 748 1053 796 quia
1083 748 1196 788 etiam

81 822 122 860 in
146 822 250 860 causa
283 821 481 867 Falconis,
509 821 649 859 multos
675 820 720 858 ad
747 820 859 858 unius
895 818 990 856 servi
1023 817 1198 857 testimo·

81 893 186 932 nium
227 893 363 930 milites
398 891 515 930 occidi
546 891 716 940 jusserat.
784 888 964 927 Trecenti
1000 896 1124 927 autem
1168 897 1195 927 e

81 962 213 1000 castris
239 961 367 1000 armati
391 962 435 999 ad
450 960 687 1008 Imperatoris
715 960 890 1008 palatium
915 966 1086 998 ruerunt.
1128 956 1195 997 Ad

79 1029 224 1068 facinus
263 1030 547 1079 perpetrandum
582 1029 837 1067 Praetorianos
880 1027 1064 1066 adhortati
1105 1027 1193 1066 sunt

77 1100 202 1138 aulici.
255 1099 344 1148 Quo
368 1100 520 1148 cognito
537 1128 549 1146 ‚
572 1099 745 1137 Pertinax
769 1098 928 1136 Laetum
956 1097 1002 1135 ad
1032 1107 1100 1136 eos
1123 1096 1195 1135 mi-

78 1169 152 1216 fit,
193 1169 284 1216 qui,
338 1168 448 1206 misso
488 1169 687 1215 mandato,
727 1168 878 1205 domum
917 1167 1025 1207 abiit.
1089 1166 1195 1206 Tum

78 1239 155 1287 ipse
183 1238 291 1277 senex
317 1237 500 1286 intrepide
536 1239 580 1274 ad
611 1238 747 1275 milites
785 1236 995 1285 procesfit‚
1044 1244 1084 1275 et
1113 1236 1196 1275 ani-

77 1321 159 1348 mos
195 1310 328 1347 horum
364 1308 587 1354 hominum,
616 1309 785 1345 oratione
813 1307 938 1345 habita
955 1334 968 1354 ‚
995 1305 1046 1345 ita
1068 1306 1192 1355 placa·

76 1381 158 1426 vit,
187 1387 228 1417 ut
249 1389 377 1416 omnes
410 1378 487 1416 fere
519 1377 695 1415 facinoris
718 1378 900 1425 puderet,
928 1385 1188 1425 praeterquam

75 1461 217 1496 unum,
267 1460 377 1496 quem
435 1447 612 1486 Taufium
662 1455 772 1485 vocat
813 1446 1187 1495 Capitolinus,

75 1521 197 1558 virum
226 1530 246 1556 e
270 1518 437 1565 Tungris
458 1518 527 1566 (9.)
554 1517 781 1564 oriundum,
823 1517 888 1564 qui
915 1516 1108 1564 prosiliens
1135 1516 1184 1555 ad

75 1602 159 1629 eum
175 1619 188 1638 ‚
211 1590 312 1627 hunc
340 1588 407 1626 tihi
431 1587 569 1625 milites
587 1615 600 1634 ‚
627 1587 752 1634 inquit
767 1615 778 1633 ‚
808 1586 969 1635 gladium
997 1585 1180 1635 mittunt;

74 1661 184 1699 irruit
222 1670 302 1698 turn
357 1660 396 1697 in
432 1658 689 1703 Pertinacem,
735 1668 895 1703 eumque
938 1655 1057 1695 statim
1097 1667 1184 1704 per-

74 1731 203 1769 cusfit.
244 1730 370 1769 Ceteri
404 1729 535 1766 deinde
561 1727 697 1765 milites
734 1733 1007 1774 occurrerunt,
1047 1734 1084 1764 et
1109 1727 1186 1765 Im·

70 1810 309 1850 peratorem‚
348 1810 459 1847 quem
502 1808 600 1835 unus
631 1796 808 1836 Eclectus
849 1794 1042 1843 defendit,
1068 1795 1187 1835 inter·

71 1869 266 1909 fecerunt:
308 1881 384 1918 quo
427 1868 528 1906 facto
562 1864 764 1905 abscissum
802 1866 881 1915 ejus
919 1874 1034 1914 caput
1054 1866 1184 1907 hastae

72 1941 322 1989 praefixerunt
348 1939 435 1989 (3).

1074 1989 1186 2029 Post-

111 2041 166 2078 (ι)
187 2043 210 2070 l.
232 2043 306 2071 l.‘c.
334 2051 383 2072 10.

107 2099 163 2139 (2)
182 2102 296 2128 Notum
321 2106 385 2134 est,
407 2098 448 2126 ait
472 2098 735 2126 casaubonus
761 2097 807 2133 (in
825 2103 896 2124 nota
920 2096 963 2125 ‘ad
993 2105 1023 2126 c.
1050 2104 1096 2127 η.
1131 2098 1182 2127 vn·-

71 2165 122 2187 ηε
147 2156 360 2191 Feminae-1¹5),
380 2156 569 2189 Tungrorum
595 2156 738 2183 cohortes
762 2154 841 2181 inter
866 2152 1076 2183 praetorianos
1101 2152 1180 2182 mili.

73 2208 148 2244 tasse
171 2221 239 2242 cum
258 2212 324 2243 aliis
341 2211 496 2240 Germanis
517 2218 548 2239 et
567 2210 676 2240 Gallis.

106 2271 331 2308 (3)Xipl1i1.
358 2280 373 2298 e
402 2270 500 2298 Dione
529 2270 551 2298 l.
577 2267 708 2297 LXXIII,
735 2276 763 2300 c,
803 2276 905 2299 ι-ὀ,
942 2268 1084 2298 Nondum
1116 2273 1179 2299 tres

73 2328 190 2358 menses
206 2334 381 2363 regnaverat
399 2328 551 2357 Pertinax.

587 2377 673 2416 D2
