1487 2850
523 202 908 248 ORATIO.
1207 205 1260 250 lu

326 437 571 483 JumcwM
605 437 823 483 Onmms
853 436 1103 482 Jcoeomm.

217 596 338 641 Ordo
375 597 404 641 J
407 597 578 642 Ctorum
620 597 674 641 ad
715 596 1000 654 quaestionem
1038 596 1121 640 hoc
1157 610 1269 639 anno

114 722 115 725 Ἰ
156 665 447 732 propositam:
499 690 525 718 ((
548 672 834 717 Distinctionis
868 672 977 716 inter
1009 673 1162 717 modos
1184 674 1269 717 tol-

156 766 185 794 «
214 751 362 795 lendae
393 750 657 808 obligationis
684 750 780 809 ipso
807 750 897 807 jure
922 757 961 793 et
986 764 1063 808 per
1099 749 1268 794 modum

156 842 185 870 «
215 826 469 886 exceptionis
499 842 520 871 e
545 827 636 885 jure
662 827 861 871 Romano
891 826 1112 870 tradantur
1149 825 1269 884 origo

159 899 188 948 «⁴
215 912 255 948 et
280 904 387 950 varii
417 903 625 949 effectus”
656 919 784 949 unum
812 903 975 964 accepit
991 917 1267 963 responsum,

157 981 397 1039 insignitum
426 981 639 1042 symbolo:

207 1073 233 1101 <c
255 1059 409 1102 Rebus
434 1061 643 1103 adversis
663 1060 938 1116 perfugium
970 1074 1024 1100 ac
1053 1059 1268 1101 solatium

264 1137 540 1191 praebent.''

589 1210 689 1255 Cic
704 1224 727 1255 e
741 1226 764 1255 r
775 1224 802 1256 ο
828 1213 930 1256 Pro
953 1211 1103 1256 Arch.
1133 1214 1266 1256 Poie‘t.

209 1365 341 1424 Hujus
381 1363 674 1424 disputationis
716 1371 891 1418 auctor,
939 1365 1130 1423 quamvis
1168 1365 1267 1409 uni-

153 1458 272 1488 verse
299 1442 344 1486 in
372 1442 580 1502 principia
598 1475 610 1496 ,
643 1442 795 1500 quibus
837 1442 942 1487 haec
971 1443 1162 1487 doctrina
1196 1442 1267 1486 ni-

150 1521 279 1573 titur,
309 1534 395 1564 non
425 1535 498 1573 ea,
532 1535 616 1577 qua
639 1535 721 1579 par
747 1527 861 1573 erat,
889 1519 1096 1577 diligentia
1120 1519 1265 1576 inqui-

151 1597 319 1650 siverit,
370 1604 511 1642 tamen
559 1596 603 1640 in
649 1596 787 1656 prima
836 1595 1066 1653 argumenti
1115 1603 1262 1655 parte,

149 1674 380 1719 industriae
415 1681 456 1719 et
489 1674 614 1719 studii
655 1673 769 1718 haud
815 1673 1114 1732 improbabilia
1148 1674 1263 1718 dedit

148 1751 424 1806 documenta3
471 1766 615 1796 verum
668 1750 713 1794 in
771 1750 955 1795 secunda
1012 1751 1098 1808 ejus
1140 1760 1261 1810 parte

148 1828 428 1883 elaboranda,
472 1827 532 1872 uti
578 1828 670 1887 ipse
721 1827 906 1881 indicat,
946 1827 1172 1887 impeditus
1220 1836 1261 1873 et

146 1905 369 1950 distractus
412 1904 463 1949 iis
504 1919 611 1962 quae
651 1904 729 1948 sub
769 1904 895 1949 finem
939 1905 1037 1950 anni
1069 1906 1259 1964 proxime

145 1982 276 2042 elapsi
304 1983 350 2026 in
385 1980 523 2042 patria
562 1988 708 2025 nostra
751 1981 1022 2037 acciderunt,
1059 1981 1118 2026 ita
1157 1999 1256 2028 ver-

143 2067 258 2105 satus
295 2065 384 2112 est,
430 2065 476 2102 ut
519 2073 587 2103 res
628 2058 871 2103 tractandas
904 2058 1086 2116 tetigerit
1115 2060 1254 2119 potius

143 2151 269 2196 quam
298 2136 587 2181 elaboraverit.
636 2135 849 2194 Quocirca
876 2135 1074 2194 judicavit
1103 2136 1253 2191 Ordo,

141 2215 251 2259 hanc
288 2213 558 2273 scriptionem
612 2213 801 2273 praemio
841 2213 1064 2274 proposito
1110 2210 1253 2261 ornari

141 2291 254 2336 haud
286 2302 426 2351 posse.

199 2377 204 2383 ’
1156 2371 1251 2416 Me-
