1487 2850
399 197 913 259 Lr'rERgt-RrA.
1175 202 1224 238 η

111 333 190 373 tola
210 330 334 371 lecta,
361 323 518 362 Senatus
546 314 676 364 capitis
701 321 786 349 eum
812 303 1024 345 damnavitz
1056 309 1133 348 quo
1152 297 1230 334 fac-

107 413 192 450 10,
209 394 391 447 supplicio
417 404 439 429 a
461 389 608 439 populo
638 383 793 422 affectus
819 378 858 415 in
888 372 1058 413 Tiberim
1089 367 1235 417 projec-

116 481 182 510 tus
209 476 294 514 est,
333 465 490 514 eiusque
517 466 634 508 genus
669 462 780 498 omne
813 443 1066 485 interfectum.
1126 437 1238 485 Mag-

122 539 264 582 nusrin
298 534 392 574 urbe
423 528 636 573 tumultus,
669 530 800 560 omnes
817 545 831 565 ‚
859 525 957 562 quos
985 507 1240 558 suspicabatur

127 609 294 660 populus
317 603 454 642 amicos
479 599 560 647 ejus
591 591 733 637 fuisse,
760 583 934 626 trucidati
960 581 1045 631 (ι).
1094 578 1120 629 J>
1131 585 1243 614 uve·

127 678 266 719 nalis
292 682 451 714 mortem
477 665 601 717 Seiani
624 663 671 701 fic
699 656 888 706 descripsit
915 652 1007 703 (2):

182 766 533 788 ......
588 734 745 783 Sejanus
777 726 925 766 ducitur
951 731 1051 760 unco

135 836 140 840 s
178 814 435 868 Spectandus:
465 806 625 857 gaudent
638 811 784 840 omnes.
812 796 919 846 Quae
932 788 1064 830 labra?
1089 785 1175 835 quis
1191 784 1244 822 illi

173 888 315 927 Vultus
337 891 414 922 erat
426 882 446 919 ‘3
473 866 665 923 nunquam
681 900 695 920 ,
711 869 738 909 fi
756 868 848 916 quid
860 863 951 903 mihi
966 858 1088 899 credis
1102 875 1116 905 ᾖ
1132 853 1251 894 amavi

176 958 290 996 Hunc
317 951 507 991 hominem
554 963 834 986 .....
886 958 902 974 .
957 959 969 971 .
1026 956 1039 969 .
1096 957 1106 969 .
1160 952 1173 964 .

126 1028 303 1075 Magnam
340 1031 442 1060 mors
487 1013 610 1066 sejani
647 1012 792 1049 Romae
838 1001 1009 1054 praebuit
1050 996 1250 1036 ]aetitiam:

131 1097 273 1136 statuae
303 1093 384 1142 ejus
413 1097 542 1126 omnes
565 1084 751 1132 dejectae:
781 1077 893 1115 immo
923 1082 1014 1110 vero
1040 1068 1117 1117 ipse
1141 1064 1259 1104 Tibe·

135 1168 245 1211 rius,
273 1163 339 1210 qui
369 1166 471 1196 tanta
500 1149 754 1192 ben1volentia
788 1153 972 1189 tantoque
1004 1144 1259 1177 amoreantea

140 1246 224 1275 eum
257 1229 478 1281 prosecutus
511 1230 614 1268 erat,
656 1228 756 1256 nunc
786 1213 927 1262 fingula
952 1208 1066 1247 millia
1092 1203 1264 1243 denario·

142 1316 225 1345 rum
249 1295 497 1341 Praetorianis
531 1291 685 1339 largitus
710 1294 799 1334 est,
828 1282 930 1332 quod
955 1281 1092 1329 Sejano
1118 1276 1155 1315 se
1183 1284 1262 1312 non

143 1368 507 1415 accommodassent3
543 1371 582 1400 et
617 1357 795 1407 quaedam
833 1362 986 1391 munera
1012 1345 1178 1398 Syriacis
1212 1345 1268 1381 le-

149 1442 352 1495 gionibus,
380 1435 484 1485 quod
512 1432 608 1471 solae
630 1429 771 1468 nullam
801 1421 925 1473 Sejani
949 1419 1146 1467 imaginem
1170 1415 1268 1453 inter

148 1516 250 1563 figna
273 1507 476 1549 coluissent
502 1502 588 1552 (3).
640 1496 793 1538 Interim
818 1491 1001 1532 Tiberius
1037 1486 1159 1537 Sejani
1182 1486 1269 1522 loco

141 1579 396 1625 *Praetorianis
421 1573 646 1626 praefecerat
672 1566 859 1607 Naevium
882 1559 1090 1601 Sertorium
1121 1557 1275 1596 Macro·

153 1665 238 1694 nem
253 1680 268 1700 ,
297 1649 392 1699 qui,
418 1654 462 1684 ut
487 1641 674 1686 deterior,
689 1637 761 1686 (ait
780 1632 987 1673 Arruntius
1013 1627 1113 1678 apud
1129 1624 1274 1664 Taci-

154 1733 172 1764 t
186 1736 210 1765 u
222 1735 259 1762 m
277 1721 344 1770 (4)
358 1720 378 1766 )
392 1745 406 1764 ‚
423 1715 470 1754 ad
491 1709 777 1761 opprimendum
800 1704 973 1753 Sejanum
986 1700 1178 1743 delectus,
1190 1697 1276 1744 plu-

155 1806 197 1833 ra
209 1803 277 1842 per
288 1788 422 1828 scelera
435 1780 622 1831 rempubl.
644 1773 953 1816 conflictavisset.
982 1769 1055 1808 Hic
1080 1767 1127 1805 ab
1154 1767 1278 1814 Impe-

159 1872 281 1905 ratore
295 1859 390 1908 Cajo
407 1852 579 1903 Caligula
592 1877 606 1897 ‚
622 1844 832 1886 successore
859 1839 1032 1887 Tiberii,
1058 1838 1104 1876 ad
1119 1843 1277 1874 mortem

157 1929 406 1974 voluntariam
431 1923 500 1964 fibi
518 1931 593 1961 una
612 1929 698 1957 cum
711 1924 829 1954 uxore
847 1911 971 1953 Ennia
984 1907 1278 1948 consciscendam

1171 1988 1281 2016 coac·

202 2066 258 2103 (ι)
277 2063 367 2094 Dio.
394 2061 418 2091 1.
445 2056 551 2088 Lvm.
578 2062 596 2083 c
638 2059 695 2087 10„
713 2050 799 2086 seqq.
831 2062 870 2071 ·-
904 2043 1039 2076 Tacit.
1071 2043 1155 2071 Ama.
1178 2042 1202 2072 1.
1221 2039 1278 2070 VI.

164 2134 197 2156 c·
218 2125 256 2159 ⁶9
277 2131 316 2157 7,
333 2127 364 2154 9·

205 2180 261 2219 (α)
280 2178 385 2207 satir.
403 2175 427 2204 1.
449 2172 502 2201 1v.
529 2170 568 2198 X.
590 2176 638 2197 vs.
661 2166 711 2197 66.

203 2239 261 2277 (3)
279 2238 385 2266 Suet.
406 2232 441 2260 tn
465 2229 534 2257 Tib.
553 2234 583 2255 c.
604 2227 654 2262 48.

206 2294 262 2335 (4)
281 2294 366 2323 Arm.
388 2291 411 2320 Ι.
431 2287 487 2319 vl.
508 2294 537 2315 c.
560 2289 610 2322 48.
