1487 2850
193 233 249 277 36
552 229 935 275 ORATIO.

193 397 278 433 tum
301 395 362 432 est
382 387 585 431 vinculum
600 418 612 437 ,
628 400 723 442 vquo
747 386 830 442 jam
848 385 917 428 diu
939 385 1050 430 Gens
1075 386 1298 431 Nassavica

192 480 283 509 cum
308 463 527 508 Borussica
549 462 636 506 erat
659 463 879 518 conjuncta
895 495 905 514 ‚
930 472 1007 521 per‘
1034 464 1199 522 nuptias
1228 465 1298 507 di·-

193 541 437 585 lectissimae
465 539 593 598 Regis
618 538 749 583 nostri
781 539 888 583 filiae
913 554 1005 583 cum
1041 541 1152 583 Alb
1168 547 1255 584 ert
1271 555 1299 583 o

189 616 397 676 Principe.

227 692 335 737 'Vos
374 693 496 738 etiam
519 693 770 738 Academiae
808 693 1054 747 Curatores,
1089 693 1178 737 viri
1215 706 1299 737 no-

191 769 379 814 bilissimi
405 770 670 830 amplissimi!
694 770 921 815 incolumes
936 778 1025 815 ess'e
1047 770 1298 829 gaudemus,

191 849 361 892 feliciter
387 848 560 892 sanitate
584 846 775 891 restituta
806 847 896 892 Viri
924 847 1166 907 amplissimi
1197 860 1298 891 van

189 915 222 968 A
238 924 329 967 sch
354 939 454 968 van
479 924 620 983 Wyc
635 924 686 978 k,
719 924 788 981 qui
814 923 980 968 brachii
1009 925 1164 968 fecerat
1179 923 1300 967 frac-

188 1008 338 1046 iuram.

246 1078 376 1123 Vobis
410 1077 656 1128 curantibus,
673 1077 752 1122 sub
783 1076 914 1136 Regis
938 1076 1126 1136 auspicio
1150 1077 1297 1121 floreat

184 1155 415 1200 Academia
443 1156 614 1198 nostra!

189 1253 192 1257 ¹
243 1231 356 1277 Salvi
384 1239 479 1276 sunt
502 1231 692 1289 Collegae
713 1231 884 1290 optimi,
909 1238 1075 1290 praeter
1104 1231 1144 1276 Ο
1159 1230 1296 1275 ord·-

183 1310 320 1354 tium
356 1317 396 1354 et
426 1310 727 1361 Paravum,
756 1309 843 1353 vir.
875 1308 976 1361 CIL,
1012 1309 1085 1366 qui
1108 1309 1164 1351 ob
1189 1321 1296 1367 pro-

184 1387 399 1431 fectiorem
430 1392 604 1430 aetatem
634 1384 746 1430 tenui
776 1392 947 1428 utuntur
970 1384 1217 1429 valetudine.

241 1463 370 1521 Regis
397 1462 441 1506 in
468 1462 581 1507 viros
609 1462 661 1506 de
694 1461 822 1505 literis
859 1462 967 1505 bene
1011 1461 1193 1505 meritos
1218 1461 1298 1504 be·-

184 1539 440 1591 nevolentia‚
489 1545 667 1597 propter
693 1545 869 1581 aetatem
907 1552 1042 1597 prope
1072 1545 1299 1596 septuage-

184 1617 374 1668 nariam,
412 1615 628 1659 vacatione
668 1614 961 1658 honestissima
1002 1613 1185 1658 muneris
1214 1614 1299 1657 do-

185 1694 298 1736 navit
325 1693 357 1735 P
371 1707 428 1735 ar
442 1708 465 1735 a
479 1709 503 1736 v
520 1708 544 1736 u
560 1708 600 1737 m
632 1699 837 1735 nostrum.
1030 1685 1033 1689 ⁴

242 1769 381 1814 Otium
418 1769 501 1812 hoc
539 1783 631 1811 cum
660 1768 859 1824 dignitate
890 1768 1158 1823 conjunctum
1184 1774 1297 1811 certe

184 1846 438 1903 gratulamur
465 1858 609 1888 omnes
629 1844 757 1896 Viro,
790 1843 861 1901 qui
900 1844 1021 1887 variis
1053 1844 1296 1888 nominibus

184 1922 381 1967 ecclesiae
432 1928 472 1965 et
522 1920 684 1965 erudito
727 1920 821 1964 orbi
861 1920 1048 1978 profuit3
1099 1920 1170 1978 qui
1219 1935 1299 1980 per

180 1999 348 2057 triginta
378 2005 417 2042 et
450 1997 565 2054 quod
596 1995 775 2040 excurrit
811 2010 944 2040 annos
979 1997 1119 2041 literas
1154 1997 1299 2041 orien-

180 2077 283 2120 tales
313 2075 370 2118 ita
397 2088 617 2133 prosessus
646 2080 730 2126 est,
772 2080 818 2117 ut
860 2086 910 2117 eo
951 2088 1076 2130 quam
1108 2073 1297 2132 plurimis

180 2152 397 2211 profuerit.
460 2151 582 2195 Faxit
612 2150 726 2194 Deus
763 2157 849 2210 opt.
875 2144 984 2194 max.
1012 2157 1058 2193 ut
1084 2151 1296 2195 ⁴valetudo

179 2227 434 2287 praestantis
463 2227 553 2272 Viri
582 2227 718 2281 sinat,
744 2233 791 2272 ut
817 2225 976 2273 civibus
1002 2227 1298 2286 nostrispro-

179 2304 298 2349 desse
324 2306 496 2364 pergat!
954 2314 959 2319 ’
1213 2350 1215 2352 ,

1260 2384 1299 2427 Α
