1487 2850
347 192 1004 232 ASTRONOMICA.
1154 193 1224 239 185

124 303 321 342 thodorum
360 301 516 338 marinae
539 300 804 348 longitudinis:
834 300 892 338 his
925 300 1083 338 ducibus
1118 312 1228 339 accu-

123 381 234 411 ratam
267 371 378 419 hujus
413 371 582 408 elementi
622 370 876 418 cognitionem
915 369 1055 417 acquiri
1101 379 1219 418 puto:

122 443 188 480 has
213 441 378 489 quotidie
401 451 512 488 atque
542 449 755 478 constanter
780 452 798 477 a
821 440 942 477 nautis
977 439 1141 476 adhiberi
1160 450 1224 477 ve-

120 502 200 550 lim'.
254 510 328 558 At,
354 510 507 559 inquis,
542 519 624 547 utra
645 509 774 547 melior
809 508 894 546 est?
935 509 986 547 Et
1016 508 1237 549 difficillima-

124 580 292 628 quaestio
323 590 407 627 est,
434 581 524 618 adeo
559 589 625 627 ut,
654 579 744 626 quid
767 578 833 616 tibi
857 578 1119 627 respondeam,
1146 589 1227 615 om-

121 650 422 689 ninornesciam.
482 649 588 695 Iino,
628 648 661 686 si
701 648 792 695 quid
831 656 887 684 est
920 647 1140 692 dicendum,
1179 647 1231 685 ita.

125 730 284 767 censeo,
311 728 534 765 utramque„
563 717 665 764 quod
698 724 754 753 est
789 715 982 753 admodum
1020 715 1228 762 singulare,

125 800 242 837 aeque
270 789 402 826 bonam
435 787 540 824 esse!
582 786 655 824 Sed
678 784 852 832 eloquar!
897 784 993 822 Haec
1028 785 1123 822 enim
1152 795 1228 822 mea

125 859 306 898 sententia
333 857 416 895 talis
443 865 527 904 est,
552 846 694 904 qualem
716 840 887 892 absolute
918 866 993 892 rem
1023 866 1230 902 proposue-

122 928 173 965 ris
188 956 200 975 ‚
229 929 332 975 quod
352 929 397 965 de
417 928 546 965 itinere
571 936 607 964 et
634 925 878 964 destinatione
895 925 997 963 navis
1012 935 1057 962 ne
1071 925 1226 963 verbum

123 998 269 1046 quidem
296 998 486 1047 adjeceris.
539 997 623 1035 Hoc
647 995 792 1034 cardine
820 1004 897 1033 tota
923 995 1093 1042 quaestio
1117 995 1229 1032 verti-

122 1077 199 1107 tur.
235 1068 394 1106 Simulac
419 1067 524 1105 navis
546 1067 615 1104 iter
631 1065 871 1111 indicaveris,
899 1074 1022 1113 aperta
1046 1077 1101 1102 res
1122 1072 1228 1102 estet

121 1138 331 1175 alterutram
357 1137 472 1184 magis
501 1145 620 1185 aptam
657 1147 738 1174 esse
767 1135 1034 1183 pronuntiabo.
1099 1135 1228 1182 Itaque

123 1206 157 1243 si
196 1216 305 1244 nauta
335 1207 646 1254 circumnavigare
680 1208 848 1243 tellurem
882 1203 1111 1250 instituerit,
1165 1213 1230 1241 aut

123 1275 319 1313 tetenderit
345 1275 382 1313 in
405 1274 545 1314 Indiam
580 1275 793 1312 orientalem
810 1302 823 1320 ‚
851 1273 1042 1311 distantias
1081 1281 1227 1311 sumat:

125 1345 250 1382 salvus
283 1344 366 1383 erit.
432 1346 484 1384 At
511 1345 542 1382 si
569 1345 702 1383 Batava
733 1343 863 1382 classis
900 1343 1088 1381 Flandriae
1122 1343 1227 1380 littus

127 1415 326 1453 obsessura
359 1414 431 1462 sit,
468 1414 729 1452 chronometra
763 1425 887 1452 secum
918 1413 1089 1451 habeat:
1124 1413 1231 1451 inco·

127 1484 239 1522 lumis
273 1485 417 1523 evadet.

176 1554 286 1593 Unde
312 1565 403 1593 vero
439 1554 540 1592 istud
574 1553 803 1592 discrimen?
831 1551 980 1591 Scilicet
1013 1553 1124 1590 altera
1155 1563 1230 1591 me-

126 1625 264 1663 thodus
297 1624 420 1663 itineri
451 1625 596 1672 longo,
647 1625 758 1661 altera
783 1623 888 1662 brevi
921 1623 1071 1672 traJ'ecto
1099 1622 1230 1661 idonea

127 1704 185 1733 est
217 1704 329 1742 atque
354 1694 597 1733 conveniens.
660 1694 765 1732 Istud
798 1705 842 1731 ex
876 1694 957 1741 ipsa
994 1693 1121 1731 harum
1156 1704 1231 1730 me·

125 1766 327 1805 thodorum
351 1764 474 1803 indole
503 1762 737 1812 intelligitur.
790 1763 832 1801 In
858 1763 982 1811 parvis
1008 1763 1229 1810 itineribus,

127 1835 289 1874 maribus
320 1834 519 1883 angustis,
567 1833 718 1871 omnino
755 1844 873 1881 prope
900 1833 1038 1879 littus,
1086 1833 1234 1872 minime

126 1913 259 1952 nautae
296 1904 432 1943 sufficit
472 1902 726 1951 approximata
765 1904 940 1949 quaedam
986 1903 1230 1950 longitudinis

127 1973 319 2023 cogniti03
369 1974 436 2011 sed
472 1981 663 2018 accurate,
718 1973 790 2010 hoc
830 1980 886 2010 est
920 1972 965 2010 ad
999 1972 1066 2010 tria
1103 1974 1230 2012 saltem

127 2044 319 2090 milliaria,
345 2042 599 2090 investiganda
618 2042 679 2080 illa
702 2050 770 2080 est.
826 2043 1141 2081 Chronometrum
1165 2044 1234 2082 ita·

128 2124 203 2161 que
239 2120 426 2160 praestat,
465 2113 569 2159 quod
603 2123 669 2160 per
707 2123 861 2160 parvum
900 2112 1132 2151 intervallum
1166 2115 1230 2153 ad-

129 2182 282 2220 modum
321 2190 451 2220 exacte
482 2180 734 2229 longitudines
780 2180 958 2230 exhibet,
1007 2181 1231 2231 praecipue,

131 2252 197 2293 ubi
216 2263 349 2293 cursus
372 2263 482 2301 saepe
505 2251 648 2291 telluris
669 2252 843 2301 adspectu
871 2252 1065 2294 examinari
1088 2261 1230 2302 potest.

1130 2323 1234 2362 Cou-
