1487 2850
463 197 846 249 ORATIO.
1160 213 1215 258 17

98 363 271 396 morum
285 353 448 400 levitate
461 388 474 410 ,
506 355 657 413 quibus
684 360 845 419 patriae
867 376 987 407 amor
1009 371 1051 409 et
1075 364 1208 423 legum

72 421 343 474 'reverentia-⁷
365 446 415 476 ex
459 432 608 478 civium
640 437 787 482 animis
827 440 1054 497 tolluntur,
1093 444 1208 500 quod

94 507 252 548 certum
270 509 711 565 pereuntis-libertatis
741 522 804 559 est
830 515 1042 562 indicium.

100 580 262 626 v(Haec
291 584 515 630 tristis-est
544 589 728 633 conditio
742 591 906 636 illorum
922 596 1204 655 populorum„

87 658 201 715 apud
252 675 361 717 quos
395 661 581 722 improbi
623 664 815 712 homines
856 668 1060 729 suffragia
1096 674 1204 717 'anie-

82 746 262 791 mosque
307 737 480 792 civium,
528 743 721 788 mercede
764 746 827 789 vel
866 746 963 791 data
999 750 1062 793 vel
1091 765 1202 810 pro-

82 809 210 855 missa
239 819 280 856 et
307 813 519 861 blanditiis
550 818 791 875 quibusvis,
815 835 1086 884 corrumpere
1106 834 1201 872 stu-

85 885 209 942 dent,
238 897 285 934 ut
314 891 426 950 turpi
455 893 619 939 illorum
652 897 872 945 ambitioni
901 903 1001 947 satis
1030 903 1117 949 fiat.

80 1002 83 1004 ,
141 965 252 1010 Tum
278 982 379 1012 vero
399 968 449 1014 id
483 971 672 1017 accidere
698 972 910 1030 videmus,
938 986 986 1023 ut
1016 995 1113 1025 vera
1139 981 1197 1028 li«-

77 1040 221 1086 bertas
251 1058 329 1100 per
354 1044 527 1090 nimium
558 1055 606 1092 etv
628 1049 958 1099 immodoratum
989 1054 1195 1105 libertatis

76 1117 259 1162 studium
285 1120 492 1169 intereat..
780 1134 783 1135 ⁷

131 1193 263 1252 Igitur
303 1195 407 1251 illa,
446 1199 498 1243 de
539 1201 691 1257 quibus
737 1204 943 1262 diximus,
980 1209 1191 1259 variarum

69 1269 236 1329 imperii
264 1273 492 1319 formarum
523 1277 637 1323 bona
675 1287 715 1324 et
752 1281 1047 1342 incommoda,
1080 1304 1190 1346 quae

70 1359 157 1391 non
187 1350 328 1394 omnia
358 1355 566 1398 recenseri
592 1367 795 1415 possunt,
827 1362 901 1407 sed
925 1363 967 1407 in
996 1368 1188 1429 exempla

66 1428 231 1468 tantum
280 1430 490 1487 proponi,-
545 1432 658 1479 viros
710 1437 1003 1495 prudentiores
1045 1443 1100 1488 ad
1139 1445 1187 1490 id

66 1497 279 1558 impulisse
317 1511 358 1548 et
398 1508 600 1553 excitasse
644 1511 860 1569 videntur,
911 1525 958 1561 ut
1004 1520 1184 1568 formam

67 1575 307 1641 imperandi
335 1581 589 1639 invenirent,
620 1602 668 1631 ex
699 1590 844 1636 formis
870 1593 949 1638 illis
970 1597 1183 1654 prioribus

62 1652 123 1698 ita
161 1656 448 1713 moderatam,
490 1669 534 1705 ut
575 1666 804 1725 praecipua
835 1671 1035 1730 cujusque
1066 1675 1182 1721 bona

61 1740 354 1789 servarentur,
396 1738 590 1794 graviora
632 1741 729 1786 vitia
768 1760 853 1790 non
883 1750 1011 1794 modo
1053 1754 1181 1799 tolle-

60 1813 229 1862 rentur,
259 1825 402 1855 verum
428 1829 534 1871 quae
558 1817 719 1864 formae
743 1821 863 1867 simul
880 1829 1058 1886 propria
1080 1839 1177 1877 sunt

59 1885 309 1940 commoda,
349 1903 432 1947 pro
463 1892 598 1938 civum
628 1897 784 1952 salute,
815 1901 1092 1954 adferrentur.

43 2002 46 2005 Α
116 1960 203 2005 Vos
241 1967 469 2029 autem2)A.
499 1969 553 2015 A.
585 1970 899 2022 honoratissimi
930 1981 1053 2026 etiam
1085 1985 1176 2031 sine

55 2050 124 2081 me
151 2037 324 2094 videtis,
367 2058 492 2100 quam
523 2046 688 2094 difficile
724 2052 875 2108 fuerit,
905 2059 1172 2116 probabilem

50 2112 166 2158 hanc
204 2125 381 2177 propter
417 2132 681 2180 praesentem
724 2131 943 2177 cultiorum
986 2139 1171 2195 gentium

37 2191 336 2241 conditionem
378 2197 431 2245 de
461 2199 629 2254 civitate⁴
655 2203 764 2250 bene
792 2209 1028 2257 ordinanda
1059 2215 1169 2260 doc-

38 2273 45 2309 ζ
52 2266 205 2333 trinam
233 2270 293 2316 ita
323 2273 527 2325 adssusum
558 2282 807 2339 transferre,
850 2294 896 2331 ut
939 2291 1055 2347 quod
1095 2291 1167 2336 hic

586 2354 621 2400 B
1049 2381 1167 2414 sum-
