1487 2850
276 207 348 235 1⁷22
493 191 1161 239 COMMENTATIO

267 304 408 344 Unde:
727 334 734 342 ,

378 375 490 416 3T=
502 388 526 413 0
539 403 552 423 ,
570 386 639 424 109
653 373 700 424 (ο
712 402 725 423 ,
738 385 807 425 731
826 374 963 421 διῖ-ι-ο,
980 377 1051 422 087
1064 374 1248 423 δι’-δα).

261 446 390 494 Atque
403 472 417 493 ‚
473 446 506 484 si
546 445 654 484 iidem
694 444 884 483 erroribus
927 443 1162 492 assignantur
1200 445 1342 483 valor-es
1358 471 1373 491 ,

269 522 364 553 erit:

669 594 723 636 δΤ
745 607 796 634 =
823 603 859 633 2⁸
877 622 889 642 ‚
907 606 945 642 7.

309 692 484 743 Videtis,
537 695 768 734 azimuthum
827 704 998 744 quantam
1043 696 1116 733 vim
1164 695 1293 734 habeat
1335 696 1373 735 in

257 776 457 813 eventum,
494 774 529 803 et
562 764 672 803 simul
700 766 935 814 intelligitis,
976 775 1115 814 quanto
1151 777 1236 803 cum
1272 765 1375 814 rigo-

255 848 297 875 re
312 856 333 883 ,-
365 836 476 873 modo
507 835 655 873 occasio
689 834 834 882 faveat,
863 835 932 872 etsi
971 834 1129 883 insignia
1152 835 1189 873 in
1213 836 1374 874 elemen-

254 905 304 943 tis
336 905 425 942 vitia
456 906 612 950 adsmt,
661 913 809 952 tempus
848 903 1006 942 inveniri
1042 915 1168 951 posse.
1241 905 1373 952 Itaque

254 983 385 1013 nautas
413 973 619 1013 astronomi
654 974 743 1011 satis
781 974 977 1012 admonere
1016 982 1234 1021 nequeunt,
1272 983 1315 1012 ut
1348 985 1370 1012 a

254 1044 449 1092 verticali,
501 1043 575 1082 nisi
606 1051 766 1082 extrema
801 1052 956 1092 urgente
998 1044 1239 1091 necessitate,
1291 1055 1368 1082 non

253 1116 451 1161 recedant,
492 1124 557 1161 et,
596 1114 661 1152 ubi
699 1115 815 1151 solem
862 1113 947 1151 istic
992 1114 1189 1152 observare
1222 1115 1371 1162 neglex-

253 1184 380 1232 erint,
418 1183 558 1222 circum
604 1183 842 1222 meridianum
886 1184 1085 1222 observare
1121 1184 1370 1230 abhorreant,

251 1255 319 1292 sed
349 1254 381 1292 ei
405 1255 530 1292 stellas
563 1262 650 1303 apte
675 1254 816 1302 positas
843 1254 954 1301 longe
991 1253 1211 1301 praeferant.
1272 1253 1371 1302 Quis

252 1325 351 1363 enim
377 1333 433 1362 est
453 1332 563 1362 nauta
580 1352 594 1371 ,
623 1323 689 1372 qui
721 1324 759 1361 in
788 1323 983 1361 latitudine
1010 1323 1158 1360 unicum
1185 1322 1370 1360 minutum

253 1394 386 1431 audeat
420 1393 649 1441 despondere
668 1420 682 1439 ,
706 1400 744 1430 et
771 1393 936 1439 singulas
958 1392 1170 1429 altitudines
1195 1391 1288 1429 intra
1311 1403 1386 1446 seg

251 1462 439 1500 miminuti
483 1462 616 1501 vitium
659 1473 804 1509 semper
844 1462 1042 1500 observare
1089 1462 1243 1509 possit?
1293 1462 1374 1499 Imo

250 1543 366 1580 νει-ο,
393 1532 425 1570 si
456 1532 503 1569 ad
534 1532 800 1578 instrumenti,
828 1530 1092 1578 refractionis,
1120 1532 1371 1570 inclinationis

248 1602 442 1651 inprimis,
471 1610 584 1649 atque
608 1601 727 1649 ipsius
756 1601 1057 1648 observationis,
1087 1612 1229 1638 errores
1251 1609 1370 1638 atten-

253 1673 345 1718 das,
372 1671 480 1710 etiam
513 1671 668 1726 mediam
694 1682 715 1709 e
735 1671 829 1708 serie
853 1670 998 1719 aliquot
1031 1671 1268 1709 altitudinum
1291 1672 1362 1720 30“

246 1754 268 1780 a
292 1752 379 1779 vera
402 1727 577 1778 aberrare*
593 1751 708 1788 posse
742 1749 910 1779 autumo,
974 1740 1052 1790 Qui
1080 1752 1098 1777 e
1122 1740 1366 1779 declinatione

252 1810 373 1849 oritur
412 1821 540 1856 error,
580 1809 641 1854 is,
681 1809 713 1847 si
745 1810 791 1847 ad
818 1809 935 1848 solem
970 1818 1006 1847 et
1036 1809 1185 1857 triginta
1217 1808 1369 1846 Maske-

247 1880 358 1919 linias
389 1890 430 1917 se
461 1878 717 1924 restrinxerit,
757 1878 857 1916 haud
903 1877 1011 1916 facile
1047 1888 1085 1916 0s
1106 1888 1154 1926 ,5
1196 1877 1367 1925 attinget.

250 1949 394 1989 Mirum
423 1948 537 1997 igitur
562 1948 731 1986 accidere
765 1948 914 1996 possit,
966 1959 1137 1986 auctores
1165 1949 1369 1996 plerosque

250 2018 451 2068 Anglicos·
477 2019 544 2056 hac
578 2018 616 2055 in
646 2029 684 2056 re
720 2019 825 2067 justo
860 2017 1088 2055 liberaliores
1121 2029 1232 2064 esse,
1281 2018 1372 2055 adeo

254 2097 321 2136 ut,
359 2088 393 2126 si
417 2097 550 2126 nautae
576 2087 659 2126 istis
685 2087 776 2125 viris
811 2088 1030 2126 suasoribus
1067 2098 1239 2133 utantur,
1272 2095 1372 2125 'tem-
1465 2117 1476 2136 ,,,.

253 2158 361 2209 poris
386 2158 519 2196 vitium
551 2157 735 2196 interdurn
763 2159 809 2195 ad
836 2169 879 2196 10
895 2185 907 2203 ‚
933 2157 1007 2196 imo
1032 2158 1163 2206 plura,
1193 2156 1370 2204 temporis

257 2229 418 2268 secunda
457 2228 677 2266 adscendere
708 2233 825 2276 posse
864 2237 1059 2264 censeam:
1115 2225 1253 2274 quodsi
1293 2224 1378 2263 uni¹

255 2304 304 2337 eo
338 2297 503 2354 rhumbo
538 2306 680 2337 tantum
719 2297 905 2346 utrimque
933 2308 954 2334 a
989 2295 1154 2335 vertica-li
1177 2294 1379 2337 ,discedens

1318 2374 1377 2402 se·
