1487 2850
402 181 917 230 LITERARJIA.
1177 197 1230 245 3⁵

114 293 247 332 darunt
281 291 367 341 (1).
445 292 558 331 Unus
599 291 784 332 Centurio
815 291 1026 332 Praetoriae
1053 293 1223 335 cohortis

113 374 197 402 eum
226 361 422 401 defendere
449 370 634 411 conatus,
672 362 917 412 Sempronius
947 363 1120 413 Densus,
1160 365 1224 405 sed

111 442 150 472 et
169 433 246 481 ipse
268 432 426 471 occisus.
456 432 516 471 Sic
541 433 688 481 quidem
709 433 1030 472 Plutarchus
1054 442 1092 473 et
1120 434 1221 474 Dio

110 501 344 551 scripserunt.
372 502 397 541 S
410 502 649 540 uetonius
670 513 759 541 vero
781 514 890 551 opem
913 514 1138 552 quemquam
1159 511 1222 544 tu-

109 571 194 610 lisse
227 571 368 611 Galbae
405 582 482 612 non
516 570 651 611 refert:
691 581 728 610 et
765 571 989 611 Tacitus
1023 573 1221 622 Pisonem,

110 652 188 680 non
210 641 367 680 Galbam
382 669 396 689 ,
421 653 442 680 a
465 640 592 679 Denso
617 649 830 689 protectum
852 642 957 690 esse,
982 651 1106 682 narrat
1131 641 1221 694 (2).

109 711 213 750 Otho
246 712 360 761 igitur
385 711 566 750 secundus
593 710 694 758 fuit,
735 712 801 760 qui
834 724 855 751 a
892 712 1075 751 militibus
1112 713 1224 753 Prae-

107 782 263 821 torianis
293 782 498 830 Imperator
526 782 734 830 appellatus
758 790 830 821 est.
882 782 942 820 De
968 781 1158 831 legionum
1180 781 1223 822 in

106 852 306 892 Germania
355 851 572 890 conditione
610 851 748 889 certior
784 849 908 890 factus
922 878 938 899 ,
975 863 1018 890 ac
1056 853 1103 891 de
1144 851 1222 891 Im·

104 930 276 970 peratore
293 921 451 961 Vitellio
466 947 480 968 ,
505 920 658 959 Senatui
680 919 810 969 suasit,
838 929 882 959 ut
904 921 1042 969 legatio
1066 921 1114 960 ad
1135 932 1223 960 eum

104 991 341 1037 mitteretur,
369 1001 465 1038 quae
490 990 751 1038 annuntiaret,
788 991 947 1029 electum
976 992 1051 1041 jam
1081 991 1226 1037 Princi-

103 1071 187 1108 pem
202 1087 217 1107 ,
270 1069 306 1098 et
348 1061 394 1098 ad
453 1060 755 1107 tranquillitatem
807 1061 1120 1110 concordiamque
1159 1062 1225 1101 ad·

102 1129 329 1167 hortaretur.
382 1128 560 1176 Insuper,
590 1137 631 1167 ut
657 1129 684 1167 S
698 1141 723 1167 u
737 1137 783 1167 et
796 1141 819 1167 o
832 1131 882 1168 ni
897 1142 922 1169 u
935 1142 954 1169 s
979 1131 1056 1179 ait,
1083 1143 1151 1180 per
1166 1131 1226 1170 in-

101 1196 320 1236 ternuncios
347 1207 389 1235 ac
417 1196 588 1245 litteras,
625 1198 835 1237 consortem
860 1200 1005 1248 imperii
1027 1212 1225 1250 generum-

99 1277 175 1315 que
200 1266 236 1305 se
267 1266 425 1307 Vitellio
460 1266 599 1304 obtulit
615 1294 630 1315 ,
657 1267 764 1315 quod
795 1266 912 1316 fecit,
940 1278 982 1307 ut
1003 1269 1143 1309 bellum
1167 1270 1221 1309 ci-

102 1335 178 1376 vile
203 1337 377 1376 evitaret:
405 1336 465 1374 sed
489 1336 642 1377 frustra.
669 1336 848 1376 Vitellius
874 1339 1130 1388 obtemperare
1146 1352 1217 1380 no-

98 1407 213 1446 lebat.
264 1406 447 1457 Quamvis
477 1406 614 1445 milites
640 1407 866 1447 Praetoriani
895 1409 1066 1449 licentiae
1094 1411 1217 1451 essent

97 1476 240 1524 dediti,
266 1487 352 1515 cum
373 1477 501 1520 multis
523 1478 687 1528 acceptis
711 1479 956 1529 muneribus,
982 1489 1062 1520 tum
1091 1482 1219 1522 adula-

95 1547 224 1594 tione,
277 1554 314 1584 et
345 1546 470 1585 omnia
505 1546 582 1585 fere
618 1548 779 1587 militum
809 1549 963 1588 arbitrio
990 1559 1215 1602 agerentur,

95 1625 200 1656 tanto
225 1625 346 1655 tamen
380 1628 504 1656 amore
537 1625 712 1666 tantaque
742 1617 996 1659 benivolentia
1023 1621 1218 1663 Othonem

95 1686 282 1736 prosecuti
315 1687 428 1735 sunt,
470 1695 515 1726 ut
548 1687 634 1733 hic,
677 1696 775 1727 teste
810 1688 1100 1740 Suetonio,
1134 1692 1213 1742 jam

93 1756 254 1796 ducibus
277 1765 316 1796 et
339 1756 488 1806 copiis,
517 1767 610 1806 quas
649 1758 830 1799 Vitellius
863 1759 1118 1811 praemiserat,
1143 1773 1212 1812 ap-

1123 1844 1215 1882 pro-

135 1913 189 1952 (ι)
208 1914 295 1944 Tac.
318 1915 408 1944 Hisr.
429 1916 452 1944 1.
472 1915 499 1945 1.
520 1923 549 1945 c.
564 1925 671 1955 19-49.
689 1930 728 1940 —
745 1921 851 1949 suet.
871 1921 905 1948 in
929 1921 1043 1950 calba.
1061 1929 1208 1959 αις-23.

94 1974 128 2001 ίιι
141 1973 271 2002 Othone.
286 1980 316 2002 c.
333 1980 391 2007 set
400 1974 432 2002 6.
451 1986 491 1996 -
511 1975 617 2005 Plut.
635 1977 669 2004 in
689 1977 804 2006 Galba.
820 1984 850 2006 c.
862 1987 901 2016 24
910 1977 977 2014 sqq.
998 1991 1038 2001 —
1055 1978 1208 2015 xiphil.

94 2038 110 2059 ο
131 2030 254 2066 Dione,
275 2030 296 2059 1.
317 2029 428 2060 LXIV.
447 2038 477 2060 c.
495 2039 512 2066 s
533 2031 601 2068 sqq.

131 2086 186 2125 (2)
207 2087 294 2116 Hirr.
314 2088 338 2118 l.
359 2088 384 2118 1.
407 2095 435 2117 c.
455 2097 507 2126 43.
534 2089 583 2117 De
603 2097 660 2124 qua
678 2088 758 2118 inter
782 2089 913 2120 summos
932 2089 1094 2122 historicos
1111 2100 1213 2129 pugna

96 2150 128 2173 et
147 2143 329 2174 dissentione
345 2146 538 2175 consulantur
557 2146 820 2175 Commentatores
836 2148 872 2176 ad
889 2148 920 2176 h.
933 2149 955 2177 1.
978 2151 994 2177 S
1005 2149 1210 2180 alinerius

95 2201 304 2236 quaestionem
321 2202 444 2232 solvere
459 2204 575 2239 studet,
597 2203 720 2238 dicens,
738 2202 882 2233 Pisonem
897 2212 971 2233 tunc
987 2206 1115 2237 lecticae
1135 2208 1209 2237 Gal·

96 2258 152 2288 bae
168 2259 340 2290 adhaefisse.
381 2259 476 2291 Conf.
499 2259 632 2291 Taciti
650 2259 754 2290 Editio
778 2262 989 2292 Gronoviona.

607 2316 693 2357 Ca
