<?xml version="1.0" encoding="UTF-8"?>
<!DOCTYPE html PUBLIC "-//W3C//DTD XHTML 1.0 Transitional//EN"
    "http://www.w3.org/TR/xhtml1/DTD/xhtml1-transitional.dtd">
<html xmlns="http://www.w3.org/1999/xhtml" xml:lang="en" lang="en">
 <head>
  <title>
</title>
<meta http-equiv="Content-Type" content="text/html;charset=utf-8" />
  <meta name='ocr-system' content='tesseract 3.04.00' />
  <meta name='ocr-capabilities' content='ocr_page ocr_carea ocr_par ocr_line ocrx_word'/>
</head>
<body>
  <div class='ocr_page' id='page_1' title='image "annalesacademiae30acad_0123.png"; bbox 0 0 1487 2850; ppageno 0'>
   <div class='ocr_carea' id='block_1_1' title="bbox 361 187 1285 248">
    <p class='ocr_par' dir='ltr' id='par_1_1' title="bbox 361 187 1285 248">
     <span class='ocr_line' id='line_1_1' title="bbox 361 187 1285 248; baseline 0.01 -19"><span class='ocrx_word' id='word_1_1' title='bbox 361 187 932 233; x_wconf 61' lang='lat' dir='ltr'>·L1TERAR1m</span> <span class='ocrx_word' id='word_1_2' title='bbox 1192 194 1285 248; x_wconf 54' lang='lat' dir='ltr'>m*</span> 
     </span>
    </p>
   </div>
   <div class='ocr_carea' id='block_1_2' title="bbox 107 299 1281 1891">
    <p class='ocr_par' dir='ltr' id='par_1_2' title="bbox 110 299 1281 1813">
     <span class='ocr_line' id='line_1_2' title="bbox 126 299 1281 350; baseline 0.003 -11"><span class='ocrx_word' id='word_1_3' title='bbox 126 301 319 339; x_wconf 90' lang='lat' dir='ltr'>tummodo</span> <span class='ocrx_word' id='word_1_4' title='bbox 348 300 526 339; x_wconf 87' lang='lat' dir='ltr'>cohortes</span> <span class='ocrx_word' id='word_1_5' title='bbox 559 299 599 339; x_wconf 90' lang='lat' dir='ltr'>in</span> <span class='ocrx_word' id='word_1_6' title='bbox 636 301 731 340; x_wconf 91' lang='lat' dir='ltr'>urbe</span> <span class='ocrx_word' id='word_1_7' title='bbox 759 309 887 350; x_wconf 79' lang='lat' dir='ltr'>erant,</span> <span class='ocrx_word' id='word_1_8' title='bbox 921 309 1017 341; x_wconf 88' lang='lat' dir='ltr'>teste</span> <span class='ocrx_word' id='word_1_9' title='bbox 1053 301 1239 343; x_wconf 88' lang='lat' dir='ltr'>Sueto-</span> <span class='ocrx_word' id='word_1_10' title='bbox 1279 323 1281 326; x_wconf 94' lang='lat'>·</span> 
     </span>
     <span class='ocr_line' id='line_1_3' title="bbox 123 369 1231 422; baseline 0.004 -13"><span class='ocrx_word' id='word_1_11' title='bbox 123 369 208 409; x_wconf 90' lang='lat' dir='ltr'>nio</span> <span class='ocrx_word' id='word_1_12' title='bbox 234 371 345 421; x_wconf 79' lang='lat'>(1)=-</span> <span class='ocrx_word' id='word_1_13' title='bbox 374 399 399 418; x_wconf 87' lang='lat'>„</span> <span class='ocrx_word' id='word_1_14' title='bbox 423 371 561 419; x_wconf 84' lang='lat' dir='ltr'><strong>Neque</strong></span> <span class='ocrx_word' id='word_1_15' title='bbox 595 379 717 409; x_wconf 88' lang='lat' dir='ltr'>tamen</span> <span class='ocrx_word' id='word_1_16' title='bbox 742 383 906 420; x_wconf 86' lang='lat' dir='ltr'>unquam</span> <span class='ocrx_word' id='word_1_17' title='bbox 933 374 1091 422; x_wconf 81' lang='lat' dir='ltr'>plures,</span> <span class='ocrx_word' id='word_1_18' title='bbox 1119 385 1231 422; x_wconf 87' lang='lat' dir='ltr'>quam</span> 
     </span>
     <span class='ocr_line' id='line_1_4' title="bbox 124 439 1245 492; baseline 0.006 -16"><span class='ocrx_word' id='word_1_19' title='bbox 124 467 150 487; x_wconf 90' lang='lat'>„</span> <span class='ocrx_word' id='word_1_20' title='bbox 175 448 250 477; x_wconf 89' lang='lat' dir='ltr'>tres</span> <span class='ocrx_word' id='word_1_21' title='bbox 273 439 448 477; x_wconf 86' lang='lat' dir='ltr'>cohortes</span> <span class='ocrx_word' id='word_1_22' title='bbox 472 440 510 477; x_wconf 91' lang='lat' dir='ltr'>in</span> <span class='ocrx_word' id='word_1_23' title='bbox 538 439 631 478; x_wconf 90' lang='lat' dir='ltr'>urbe</span> <span class='ocrx_word' id='word_1_24' title='bbox 656 440 734 478; x_wconf 91' lang='lat' dir='ltr'>esse</span> <span class='ocrx_word' id='word_1_25' title='bbox 757 440 887 490; x_wconf 87' lang='lat' dir='ltr'>passus</span> <span class='ocrx_word' id='word_1_26' title='bbox 914 444 1245 492; x_wconf 79' lang='lat' dir='ltr'>est‚easques1ne&#39;</span> 
     </span>
     <span class='ocr_line' id='line_1_5' title="bbox 123 508 1234 560; baseline 0.006 -14"><span class='ocrx_word' id='word_1_27' title='bbox 123 536 148 558; x_wconf 89' lang='lat'>„</span> <span class='ocrx_word' id='word_1_28' title='bbox 172 509 324 547; x_wconf 87' lang='lat' dir='ltr'>castris:</span> <span class='ocrx_word' id='word_1_29' title='bbox 376 508 538 557; x_wconf 85' lang='lat' dir='ltr'>reliquas</span> <span class='ocrx_word' id='word_1_30' title='bbox 579 509 616 546; x_wconf 90' lang='lat' dir='ltr'>in</span> <span class='ocrx_word' id='word_1_31' title='bbox 656 509 810 548; x_wconf 81' lang='lat' dir='ltr'>hiberna</span> <span class='ocrx_word' id='word_1_32' title='bbox 844 519 882 549; x_wconf 93' lang='lat' dir='ltr'>et</span> <span class='ocrx_word' id='word_1_33' title='bbox 921 512 1084 560; x_wconf 87' lang='lat' dir='ltr'>aestiva,</span> <span class='ocrx_word' id='word_1_34' title='bbox 1134 513 1234 553; x_wconf 88' lang='lat' dir='ltr'>circa</span> 
     </span>
     <span class='ocr_line' id='line_1_6' title="bbox 122 578 1246 634; baseline 0.004 -17"><span class='ocrx_word' id='word_1_35' title='bbox 122 608 147 628; x_wconf 87' lang='lat'>„</span> <span class='ocrx_word' id='word_1_36' title='bbox 172 578 327 618; x_wconf 83' lang='lat' dir='ltr'>finitima</span> <span class='ocrx_word' id='word_1_37' title='bbox 360 579 525 627; x_wconf 84' lang='lat' dir='ltr'>oppida,</span> <span class='ocrx_word' id='word_1_38' title='bbox 546 578 732 617; x_wconf 84' lang='lat' dir='ltr'><strong>dimittere</strong></span> <span class='ocrx_word' id='word_1_39' title='bbox 762 579 942 619; x_wconf 83' lang='lat' dir='ltr'>adsuerat.</span> <span class='ocrx_word' id='word_1_40' title='bbox 959 580 985 598; x_wconf 83' lang='lat'>’²</span> <span class='ocrx_word' id='word_1_41' title='bbox 1033 582 1134 621; x_wconf 92' lang='lat' dir='ltr'>Dio</span> <span class='ocrx_word' id='word_1_42' title='bbox 1161 582 1246 634; x_wconf 67' lang='grc' dir='ltr'>(Ω)</span> 
     </span>
     <span class='ocr_line' id='line_1_7' title="bbox 116 646 1238 697; baseline 0.004 -10"><span class='ocrx_word' id='word_1_43' title='bbox 116 648 196 695; x_wconf 85' lang='lat' dir='ltr'>ait,</span> <span class='ocrx_word' id='word_1_44' title='bbox 237 649 452 697; x_wconf 84' lang='lat' dir='ltr'>Augustum</span> <span class='ocrx_word' id='word_1_45' title='bbox 486 646 677 686; x_wconf 83' lang='lat' dir='ltr'>stationem</span> <span class='ocrx_word' id='word_1_46' title='bbox 708 647 877 687; x_wconf 91' lang='lat' dir='ltr'>habuisse</span> <span class='ocrx_word' id='word_1_47' title='bbox 909 649 1068 689; x_wconf 89' lang='lat' dir='ltr'>rnilitum</span> <span class='ocrx_word' id='word_1_48' title='bbox 1095 653 1143 691; x_wconf 89' lang='lat' dir='ltr'>ad</span> <span class='ocrx_word' id='word_1_49' title='bbox 1169 665 1238 692; x_wconf 92' lang='lat' dir='ltr'>au-</span> 
     </span>
     <span class='ocr_line' id='line_1_8' title="bbox 118 717 1234 772; baseline 0.002 -14"><span class='ocrx_word' id='word_1_50' title='bbox 118 719 219 765; x_wconf 83' lang='lat' dir='ltr'>lam,</span> <span class='ocrx_word' id='word_1_51' title='bbox 255 717 321 757; x_wconf 92' lang='lat' dir='ltr'>ubi</span> <span class='ocrx_word' id='word_1_52' title='bbox 357 717 612 757; x_wconf 86' lang='lat' dir='ltr'><strong>excubabant:</strong></span> <span class='ocrx_word' id='word_1_53' title='bbox 653 730 764 766; x_wconf 88' lang='lat' dir='ltr'>quam</span> <span class='ocrx_word' id='word_1_54' title='bbox 801 717 996 758; x_wconf 85' lang='lat' dir='ltr'>stationem</span> <span class='ocrx_word' id='word_1_55' title='bbox 1038 723 1234 772; x_wconf 63' lang='lat' dir='ltr'>qpxrn&#39;ymv</span> 
     </span>
     <span class='ocr_line' id='line_1_9' title="bbox 119 787 1235 839; baseline 0.004 -12"><span class='ocrx_word' id='word_1_56' title='bbox 119 788 399 838; x_wconf 85' lang='lat' dir='ltr'>(Praetorium)</span> <span class='ocrx_word' id='word_1_57' title='bbox 428 796 551 826; x_wconf 86' lang='lat' dir='ltr'>vocat.</span> <span class='ocrx_word' id='word_1_58' title='bbox 593 787 777 838; x_wconf 88' lang='lat' dir='ltr'>Quamvis</span> <span class='ocrx_word' id='word_1_59' title='bbox 805 787 919 838; x_wconf 88' lang='lat' dir='ltr'>igitur</span> <span class='ocrx_word' id='word_1_60' title='bbox 941 802 1015 839; x_wconf 70' lang='lat' dir='ltr'>per&lt;</span> <span class='ocrx_word' id='word_1_61' title='bbox 1039 791 1169 831; x_wconf 89' lang='lat' dir='ltr'>urbem</span> <span class='ocrx_word' id='word_1_62' title='bbox 1195 801 1235 833; x_wconf 88' lang='lat' dir='ltr'>et</span> 
     </span>
     <span class='ocr_line' id='line_1_10' title="bbox 116 853 1235 912; baseline 0.004 -16"><span class='ocrx_word' id='word_1_63' title='bbox 116 858 239 896; x_wconf 87' lang='lat' dir='ltr'>vicina</span> <span class='ocrx_word' id='word_1_64' title='bbox 268 857 371 895; x_wconf 89' lang='lat' dir='ltr'>urbis</span> <span class='ocrx_word' id='word_1_65' title='bbox 399 858 479 895; x_wconf 89' lang='lat' dir='ltr'>loca</span> <span class='ocrx_word' id='word_1_66' title='bbox 503 853 657 906; x_wconf 76' lang='lat' dir='ltr'>dispersi</span> <span class='ocrx_word' id='word_1_67' title='bbox 679 857 799 897; x_wconf 90' lang='lat' dir='ltr'>essent</span> <span class='ocrx_word' id='word_1_68' title='bbox 818 859 954 898; x_wconf 87' lang='lat' dir='ltr'>milites</span> <span class='ocrx_word' id='word_1_69' title='bbox 973 860 1199 901; x_wconf 89' lang='lat' dir='ltr'>Praetoriani</span> <span class='ocrx_word' id='word_1_70' title='bbox 1213 889 1235 912; x_wconf 66' lang='lat'><em>5</em></span> 
     </span>
     <span class='ocr_line' id='line_1_11' title="bbox 113 920 1233 978; baseline 0.007 -14"><span class='ocrx_word' id='word_1_71' title='bbox 113 920 273 965; x_wconf 81' lang='lat' dir='ltr'>habebat</span> <span class='ocrx_word' id='word_1_72' title='bbox 296 936 420 965; x_wconf 87' lang='lat' dir='ltr'>tamen</span> <span class='ocrx_word' id='word_1_73' title='bbox 441 922 640 974; x_wconf 81' lang='lat' dir='ltr'>Au&#39;gustus</span> <span class='ocrx_word' id='word_1_74' title='bbox 674 927 852 967; x_wconf 87' lang='lat' dir='ltr'>excubias</span> <span class='ocrx_word' id='word_1_75' title='bbox 877 928 1041 978; x_wconf 84' lang='lat' dir='ltr'>integrae</span> <span class='ocrx_word' id='word_1_76' title='bbox 1061 933 1233 972; x_wconf 83' lang='lat' dir='ltr'>cohortis</span> 
     </span>
     <span class='ocr_line' id='line_1_12' title="bbox 113 990 1233 1046; baseline 0.007 -12"><span class='ocrx_word' id='word_1_77' title='bbox 113 997 160 1035; x_wconf 86' lang='lat' dir='ltr'>ad</span> <span class='ocrx_word' id='word_1_78' title='bbox 192 990 312 1035; x_wconf 83' lang='lat' dir='ltr'>aulam</span> <span class='ocrx_word' id='word_1_79' title='bbox 344 997 460 1035; x_wconf 83' lang='lat' dir='ltr'>suam.</span> <span class='ocrx_word' id='word_1_80' title='bbox 511 995 674 1036; x_wconf 88' lang='lat' dir='ltr'>Instituit</span> <span class='ocrx_word' id='word_1_81' title='bbox 706 1009 861 1046; x_wconf 90' lang='lat' dir='ltr'>quoque</span> <span class='ocrx_word' id='word_1_82' title='bbox 892 999 989 1039; x_wconf 85' lang='lat' dir='ltr'>duos</span> <span class='ocrx_word' id='word_1_83' title='bbox 1015 999 1233 1042; x_wconf 85' lang='lat' dir='ltr'>Praefectos</span> 
     </span>
     <span class='ocr_line' id='line_1_13' title="bbox 111 1060 1234 1118; baseline 0.004 -12"><span class='ocrx_word' id='word_1_84' title='bbox 111 1060 435 1106; x_wconf 86' lang='lat' dir='ltr'>Praetorianorum</span> <span class='ocrx_word' id='word_1_85' title='bbox 467 1066 651 1114; x_wconf 83' lang='lat' dir='ltr'>militum,</span> <span class='ocrx_word' id='word_1_86' title='bbox 699 1080 744 1106; x_wconf 87' lang='lat' dir='ltr'>ex</span> <span class='ocrx_word' id='word_1_87' title='bbox 776 1068 907 1108; x_wconf 88' lang='lat' dir='ltr'>ordine</span> <span class='ocrx_word' id='word_1_88' title='bbox 939 1069 1104 1118; x_wconf 83' lang='lat' dir='ltr'>equestri</span> <span class='ocrx_word' id='word_1_89' title='bbox 1136 1073 1234 1112; x_wconf 76' lang='lat' dir='ltr'>elee-</span> 
     </span>
     <span class='ocr_line' id='line_1_14' title="bbox 113 1135 1236 1186; baseline 0.008 -13"><span class='ocrx_word' id='word_1_90' title='bbox 113 1143 175 1174; x_wconf 89' lang='lat' dir='ltr'>tos</span> <span class='ocrx_word' id='word_1_91' title='bbox 200 1139 286 1184; x_wconf 84' lang='lat'>(3).</span> <span class='ocrx_word' id='word_1_92' title='bbox 339 1135 492 1174; x_wconf 89' lang='lat' dir='ltr'>Creavit</span> <span class='ocrx_word' id='word_1_93' title='bbox 513 1136 600 1173; x_wconf 92' lang='lat' dir='ltr'>illos</span> <span class='ocrx_word' id='word_1_94' title='bbox 625 1135 703 1174; x_wconf 89' lang='lat' dir='ltr'>fine</span> <span class='ocrx_word' id='word_1_95' title='bbox 727 1138 802 1175; x_wconf 82' lang='lat' dir='ltr'>ulla</span> <span class='ocrx_word' id='word_1_96' title='bbox 821 1137 1085 1186; x_wconf 88' lang='lat' dir='ltr'>jurisdictione</span> <span class='ocrx_word' id='word_1_97' title='bbox 1111 1141 1236 1184; x_wconf 74' lang='lat' dir='ltr'>civili.</span> 
     </span>
     <span class='ocr_line' id='line_1_15' title="bbox 112 1203 1234 1259; baseline 0.009 -18"><span class='ocrx_word' id='word_1_98' title='bbox 112 1205 223 1244; x_wconf 87' lang='lat' dir='ltr'>Duos</span> <span class='ocrx_word' id='word_1_99' title='bbox 265 1203 520 1244; x_wconf 78' lang='lat' dir='ltr'>eum-fecisse</span> <span class='ocrx_word' id='word_1_100' title='bbox 556 1204 716 1244; x_wconf 84' lang='lat' dir='ltr'>confilio</span> <span class='ocrx_word' id='word_1_101' title='bbox 749 1207 1009 1257; x_wconf 86' lang='lat' dir='ltr'>Maecenatis,</span> <span class='ocrx_word' id='word_1_102' title='bbox 1050 1219 1153 1259; x_wconf 84' lang='lat' dir='ltr'>patet</span> <span class='ocrx_word' id='word_1_103' title='bbox 1185 1224 1234 1255; x_wconf 74' lang='lat' dir='ltr'>ex</span> 
     </span>
     <span class='ocr_line' id='line_1_16' title="bbox 111 1272 1234 1328; baseline 0.007 -14"><span class='ocrx_word' id='word_1_104' title='bbox 111 1275 283 1315; x_wconf 89' lang='lat' dir='ltr'>Dione</span> <span class='ocrx_word' id='word_1_105' title='bbox 309 1275 405 1325; x_wconf 85' lang='lat'>(4),</span> <span class='ocrx_word' id='word_1_106' title='bbox 439 1274 505 1313; x_wconf 88' lang='lat' dir='ltr'>ubi</span> <span class='ocrx_word' id='word_1_107' title='bbox 529 1272 727 1314; x_wconf 81' lang='lat' dir='ltr'>Maecenas</span> <span class='ocrx_word' id='word_1_108' title='bbox 760 1275 811 1315; x_wconf 88' lang='lat' dir='ltr'>ita</span> <span class='ocrx_word' id='word_1_109' title='bbox 841 1278 1020 1328; x_wconf 89' lang='lat' dir='ltr'>Augusto</span> <span class='ocrx_word' id='word_1_110' title='bbox 1053 1280 1121 1319; x_wconf 89' lang='lat' dir='ltr'>suo</span> <span class='ocrx_word' id='word_1_111' title='bbox 1151 1282 1234 1323; x_wconf 89' lang='lat' dir='ltr'>sua-</span> 
     </span>
     <span class='ocr_line' id='line_1_17' title="bbox 110 1344 1236 1399; baseline 0.004 -17"><span class='ocrx_word' id='word_1_112' title='bbox 110 1344 172 1383; x_wconf 89' lang='lat' dir='ltr'>det</span> <span class='ocrx_word' id='word_1_113' title='bbox 185 1355 210 1384; x_wconf 46' lang='lat' dir='ltr'>ti</span> <span class='ocrx_word' id='word_1_114' title='bbox 240 1373 265 1393; x_wconf 85' lang='lat'>,‚</span> <span class='ocrx_word' id='word_1_115' title='bbox 291 1345 352 1383; x_wconf 85' lang='lat' dir='ltr'>Ex</span> <span class='ocrx_word' id='word_1_116' title='bbox 388 1344 581 1393; x_wconf 85' lang='lat' dir='ltr'>equitibus</span> <span class='ocrx_word' id='word_1_117' title='bbox 620 1353 744 1385; x_wconf 89' lang='lat' dir='ltr'>autem</span> <span class='ocrx_word' id='word_1_118' title='bbox 779 1347 877 1386; x_wconf 91' lang='lat' dir='ltr'>duos</span> <span class='ocrx_word' id='word_1_119' title='bbox 907 1350 1091 1397; x_wconf 82' lang='lat' dir='ltr'>quosdam</span> <span class='ocrx_word' id='word_1_120' title='bbox 1123 1363 1236 1399; x_wconf 81' lang='lat' dir='ltr'>prae·-</span> 
     </span>
     <span class='ocr_line' id='line_1_18' title="bbox 111 1413 1230 1468; baseline 0.008 -15"><span class='ocrx_word' id='word_1_121' title='bbox 111 1420 137 1465; x_wconf 54' lang='grc' dir='ltr'>ς,</span> <span class='ocrx_word' id='word_1_122' title='bbox 163 1414 403 1454; x_wconf 82' lang='lat' dir='ltr'>stantisfimos</span> <span class='ocrx_word' id='word_1_123' title='bbox 425 1413 673 1454; x_wconf 84' lang='lat' dir='ltr'>Praetorianis</span> <span class='ocrx_word' id='word_1_124' title='bbox 703 1415 781 1455; x_wconf 89' lang='lat' dir='ltr'>tuis</span> <span class='ocrx_word' id='word_1_125' title='bbox 806 1417 992 1457; x_wconf 88' lang='lat' dir='ltr'>militibus</span> <span class='ocrx_word' id='word_1_126' title='bbox 1019 1420 1230 1468; x_wconf 77' lang='lat' dir='ltr'>praeficies.</span> 
     </span>
     <span class='ocr_line' id='line_1_19' title="bbox 112 1477 1232 1541; baseline 0.009 -19"><span class='ocrx_word' id='word_1_127' title='bbox 112 1489 140 1535; x_wconf 57' lang='grc' dir='ltr'>,ς</span> <span class='ocrx_word' id='word_1_128' title='bbox 162 1477 262 1523; x_wconf 88' lang='lat' dir='ltr'>Nam</span> <span class='ocrx_word' id='word_1_129' title='bbox 287 1484 354 1522; x_wconf 89' lang='lat' dir='ltr'>uni</span> <span class='ocrx_word' id='word_1_130' title='bbox 382 1485 421 1522; x_wconf 92' lang='lat' dir='ltr'>id</span> <span class='ocrx_word' id='word_1_131' title='bbox 453 1485 714 1535; x_wconf 88' lang='lat' dir='ltr'>committere,</span> <span class='ocrx_word' id='word_1_132' title='bbox 741 1498 799 1525; x_wconf 91' lang='lat' dir='ltr'>res</span> <span class='ocrx_word' id='word_1_133' title='bbox 832 1497 889 1526; x_wconf 90' lang='lat' dir='ltr'>est</span> <span class='ocrx_word' id='word_1_134' title='bbox 914 1488 1100 1541; x_wconf 82' lang='lat' dir='ltr'>periculi3</span> <span class='ocrx_word' id='word_1_135' title='bbox 1133 1494 1232 1532; x_wconf 74' lang='lat' dir='ltr'>tnui-</span> 
     </span>
     <span class='ocr_line' id='line_1_20' title="bbox 111 1554 1230 1606; baseline 0.009 -14"><span class='ocrx_word' id='word_1_136' title='bbox 111 1584 136 1604; x_wconf 87' lang='lat'><strong>„</strong></span> <span class='ocrx_word' id='word_1_137' title='bbox 161 1555 210 1593; x_wconf 88' lang='lat' dir='ltr'>tis</span> <span class='ocrx_word' id='word_1_138' title='bbox 237 1566 329 1593; x_wconf 86' lang='lat' dir='ltr'>vero</span> <span class='ocrx_word' id='word_1_139' title='bbox 347 1583 360 1602; x_wconf 90' lang='lat'><strong>‚</strong></span> <span class='ocrx_word' id='word_1_140' title='bbox 387 1554 576 1593; x_wconf 81' lang='lat' dir='ltr'>turbarum</span> <span class='ocrx_word' id='word_1_141' title='bbox 603 1556 728 1604; x_wconf 83' lang='lat' dir='ltr'>plena.</span> <span class='ocrx_word' id='word_1_142' title='bbox 781 1557 872 1596; x_wconf 92' lang='lat' dir='ltr'>Duo</span> <span class='ocrx_word' id='word_1_143' title='bbox 906 1558 1026 1606; x_wconf 84' lang='lat' dir='ltr'>igitur</span> <span class='ocrx_word' id='word_1_144' title='bbox 1049 1560 1089 1599; x_wconf 90' lang='lat' dir='ltr'>hi</span> <span class='ocrx_word' id='word_1_145' title='bbox 1121 1563 1230 1602; x_wconf 84' lang='lat' dir='ltr'>Prae-</span> 
     </span>
     <span class='ocr_line' id='line_1_21' title="bbox 110 1619 1227 1674; baseline 0.008 -12"><span class='ocrx_word' id='word_1_146' title='bbox 110 1654 136 1674; x_wconf 84' lang='lat'>„</span> <span class='ocrx_word' id='word_1_147' title='bbox 160 1619 387 1663; x_wconf 86' lang='lat' dir='ltr'>torianorum</span> <span class='ocrx_word' id='word_1_148' title='bbox 412 1625 592 1664; x_wconf 88' lang='lat' dir='ltr'>Praefecti</span> <span class='ocrx_word' id='word_1_149' title='bbox 614 1625 709 1674; x_wconf 84' lang='lat' dir='ltr'>fint‚</span> <span class='ocrx_word' id='word_1_150' title='bbox 730 1634 775 1664; x_wconf 91' lang='lat' dir='ltr'>ut</span> <span class='ocrx_word' id='word_1_151' title='bbox 800 1627 913 1667; x_wconf 84' lang='lat' dir='ltr'>etiam</span> <span class='ocrx_word' id='word_1_152' title='bbox 938 1628 965 1668; x_wconf 83' lang='lat' dir='ltr'>fi</span> <span class='ocrx_word' id='word_1_153' title='bbox 982 1630 1074 1670; x_wconf 90' lang='lat' dir='ltr'>alter</span> <span class='ocrx_word' id='word_1_154' title='bbox 1095 1642 1227 1672; x_wconf 88' lang='lat' dir='ltr'>eorum</span> 
     </span>
     <span class='ocr_line' id='line_1_22' title="bbox 111 1694 1225 1747; baseline 0.007 -14"><span class='ocrx_word' id='word_1_155' title='bbox 111 1724 136 1744; x_wconf 88' lang='lat'><strong>„</strong></span> <span class='ocrx_word' id='word_1_156' title='bbox 161 1695 301 1743; x_wconf 89' lang='lat' dir='ltr'>aliquid</span> <span class='ocrx_word' id='word_1_157' title='bbox 338 1695 502 1733; x_wconf 89' lang='lat' dir='ltr'>accidere</span> <span class='ocrx_word' id='word_1_158' title='bbox 533 1694 688 1743; x_wconf 88' lang='lat' dir='ltr'>corpori</span> <span class='ocrx_word' id='word_1_159' title='bbox 723 1695 791 1734; x_wconf 92' lang='lat' dir='ltr'>suo</span> <span class='ocrx_word' id='word_1_160' title='bbox 825 1697 984 1747; x_wconf 86' lang='lat' dir='ltr'>sentiat,</span> <span class='ocrx_word' id='word_1_161' title='bbox 1021 1707 1064 1738; x_wconf 92' lang='lat' dir='ltr'>tu</span> <span class='ocrx_word' id='word_1_162' title='bbox 1100 1708 1225 1741; x_wconf 89' lang='lat' dir='ltr'>tamen</span> 
     </span>
     <span class='ocr_line' id='line_1_23' title="bbox 110 1764 669 1813; baseline -0.002 -10"><span class='ocrx_word' id='word_1_163' title='bbox 110 1792 136 1813; x_wconf 88' lang='lat'>„</span> <span class='ocrx_word' id='word_1_164' title='bbox 161 1764 337 1803; x_wconf 82' lang='lat' dir='ltr'>custode·</span> <span class='ocrx_word' id='word_1_165' title='bbox 357 1775 435 1802; x_wconf 91' lang='lat' dir='ltr'>non</span> <span class='ocrx_word' id='word_1_166' title='bbox 467 1775 605 1802; x_wconf 85' lang='lat' dir='ltr'>careas.</span> <span class='ocrx_word' id='word_1_167' title='bbox 620 1764 648 1782; x_wconf 89' lang='lat'>’&#39;</span> <span class='ocrx_word' id='word_1_168' title='bbox 666 1772 669 1774; x_wconf 85' lang='grc'><em>·</em></span> 
     </span>
    </p>

    <p class='ocr_par' dir='ltr' id='par_1_3' title="bbox 107 1833 1222 1891">
     <span class='ocr_line' id='line_1_24' title="bbox 107 1833 1222 1891; baseline 0.007 -18"><span class='ocrx_word' id='word_1_169' title='bbox 107 1836 114 1842; x_wconf 84' lang='grc'><strong><em>’</em></strong></span> <span class='ocrx_word' id='word_1_170' title='bbox 153 1834 313 1883; x_wconf 84' lang='lat' dir='ltr'>Infignia</span> <span class='ocrx_word' id='word_1_171' title='bbox 338 1835 473 1873; x_wconf 86' lang='lat' dir='ltr'>horum</span> <span class='ocrx_word' id='word_1_172' title='bbox 497 1833 770 1874; x_wconf 74' lang='lat' dir='ltr'>praefectorum</span> <span class='ocrx_word' id='word_1_173' title='bbox 803 1834 908 1876; x_wconf 88' lang='lat' dir='ltr'>fuere</span> <span class='ocrx_word' id='word_1_174' title='bbox 925 1838 1036 1879; x_wconf 65' lang='lat' dir='ltr'>vlatus</span> <span class='ocrx_word' id='word_1_175' title='bbox 1061 1840 1222 1891; x_wconf 84' lang='lat' dir='ltr'>clavus,</span> 
     </span>
    </p>
   </div>
   <div class='ocr_carea' id='block_1_3' title="bbox 1166 1921 1227 1951">
    <p class='ocr_par' dir='ltr' id='par_1_4' title="bbox 1166 1921 1227 1951">
     <span class='ocr_line' id='line_1_25' title="bbox 1166 1921 1227 1951; baseline 0 0"><span class='ocrx_word' id='word_1_176' title='bbox 1166 1921 1227 1951; x_wconf 92' lang='lat' dir='ltr'>to-</span> 
     </span>
    </p>
   </div>
   <div class='ocr_carea' id='block_1_4' title="bbox 105 1978 1218 2294">
    <p class='ocr_par' dir='ltr' id='par_1_5' title="bbox 140 1978 482 2018">
     <span class='ocr_line' id='line_1_26' title="bbox 140 1978 482 2018; baseline 0.003 -11"><span class='ocrx_word' id='word_1_177' title='bbox 140 1978 195 2018; x_wconf 76' lang='grc' dir='ltr'>(ι)</span> <span class='ocrx_word' id='word_1_178' title='bbox 214 1980 253 2008; x_wconf 75' lang='lat' dir='ltr'>In</span> <span class='ocrx_word' id='word_1_179' title='bbox 274 1981 358 2017; x_wconf 72' lang='lat' dir='ltr'>Aug.</span> <span class='ocrx_word' id='word_1_180' title='bbox 377 1980 482 2018; x_wconf 56' lang='lat'><strong>2¹49·</strong></span> 
     </span>
    </p>

    <p class='ocr_par' dir='ltr' id='par_1_6' title="bbox 136 2037 834 2075">
     <span class='ocr_line' id='line_1_27' title="bbox 136 2037 834 2075; baseline 0.001 -8"><span class='ocrx_word' id='word_1_181' title='bbox 136 2039 190 2075; x_wconf 79' lang='lat'>(2)</span> <span class='ocrx_word' id='word_1_182' title='bbox 209 2039 245 2067; x_wconf 86' lang='lat' dir='ltr'>L.</span> <span class='ocrx_word' id='word_1_183' title='bbox 266 2038 338 2069; x_wconf 87' lang='lat' dir='ltr'>LIII.</span> <span class='ocrx_word' id='word_1_184' title='bbox 358 2046 388 2066; x_wconf 91' lang='lat' dir='ltr'>c.</span> <span class='ocrx_word' id='word_1_185' title='bbox 417 2037 460 2067; x_wconf 86' lang='lat'>16.</span> <span class='ocrx_word' id='word_1_186' title='bbox 482 2037 577 2069; x_wconf 86' lang='lat' dir='ltr'>Conf.</span> <span class='ocrx_word' id='word_1_187' title='bbox 599 2045 674 2067; x_wconf 70' lang='lat' dir='ltr'>nota</span> <span class='ocrx_word' id='word_1_188' title='bbox 694 2039 730 2068; x_wconf 85' lang='lat' dir='ltr'>ad</span> <span class='ocrx_word' id='word_1_189' title='bbox 749 2040 781 2068; x_wconf 90' lang='lat' dir='ltr'>h.</span> <span class='ocrx_word' id='word_1_190' title='bbox 810 2041 834 2071; x_wconf 85' lang='lat'>1.</span> 
     </span>
    </p>

    <p class='ocr_par' dir='ltr' id='par_1_7' title="bbox 141 2094 568 2133">
     <span class='ocr_line' id='line_1_28' title="bbox 141 2094 568 2133; baseline 0.002 -10"><span class='ocrx_word' id='word_1_191' title='bbox 141 2097 198 2133; x_wconf 80' lang='lat'>(3)</span> <span class='ocrx_word' id='word_1_192' title='bbox 217 2094 309 2125; x_wconf 88' lang='lat' dir='ltr'>Dio.</span> <span class='ocrx_word' id='word_1_193' title='bbox 332 2096 355 2123; x_wconf 91' lang='lat' dir='ltr'>l.</span> <span class='ocrx_word' id='word_1_194' title='bbox 379 2095 446 2126; x_wconf 85' lang='lat' dir='ltr'>LV.</span> <span class='ocrx_word' id='word_1_195' title='bbox 470 2103 497 2123; x_wconf 89' lang='lat' dir='ltr'>c.</span> <span class='ocrx_word' id='word_1_196' title='bbox 520 2103 568 2125; x_wconf 89' lang='lat'>10.</span> 
     </span>
    </p>

    <p class='ocr_par' dir='ltr' id='par_1_8' title="bbox 105 2151 1218 2294">
     <span class='ocr_line' id='line_1_29' title="bbox 140 2151 1218 2190; baseline 0.009 -10"><span class='ocrx_word' id='word_1_197' title='bbox 140 2152 194 2188; x_wconf 82' lang='lat'>(4)</span> <span class='ocrx_word' id='word_1_198' title='bbox 213 2152 303 2181; x_wconf 88' lang='lat' dir='ltr'>Dio.</span> <span class='ocrx_word' id='word_1_199' title='bbox 327 2153 348 2181; x_wconf 92' lang='lat'>1.</span> <span class='ocrx_word' id='word_1_200' title='bbox 367 2151 433 2180; x_wconf 85' lang='lat' dir='ltr'>LII.</span> <span class='ocrx_word' id='word_1_201' title='bbox 455 2160 482 2180; x_wconf 86' lang='lat' dir='ltr'>c.</span> <span class='ocrx_word' id='word_1_202' title='bbox 501 2160 550 2187; x_wconf 72' lang='lat'>2⁴·</span> <span class='ocrx_word' id='word_1_203' title='bbox 573 2152 707 2188; x_wconf 85' lang='lat' dir='ltr'>Singulis</span> <span class='ocrx_word' id='word_1_204' title='bbox 718 2153 784 2182; x_wconf 88' lang='lat' dir='ltr'>fere</span> <span class='ocrx_word' id='word_1_205' title='bbox 803 2153 901 2190; x_wconf 76' lang='lat' dir='ltr'>Iocis,</span> <span class='ocrx_word' id='word_1_206' title='bbox 920 2154 1031 2190; x_wconf 84' lang='lat' dir='ltr'>quibus</span> <span class='ocrx_word' id='word_1_207' title='bbox 1048 2157 1218 2190; x_wconf 88' lang='lat' dir='ltr'>Dionem</span> 
     </span>
     <span class='ocr_line' id='line_1_30' title="bbox 105 2208 1217 2248; baseline 0.007 -10"><span class='ocrx_word' id='word_1_208' title='bbox 105 2208 287 2238; x_wconf 85' lang='lat' dir='ltr'>Cassium</span> <span class='ocrx_word' id='word_1_209' title='bbox 312 2208 426 2245; x_wconf 79' lang='lat' dir='ltr'>citavi,</span> <span class='ocrx_word' id='word_1_210' title='bbox 447 2208 518 2238; x_wconf 83' lang='lat' dir='ltr'>usus</span> <span class='ocrx_word' id='word_1_211' title='bbox 540 2209 604 2237; x_wconf 85' lang='lat' dir='ltr'>sum</span> <span class='ocrx_word' id='word_1_212' title='bbox 626 2211 786 2248; x_wconf 71' lang='lat' dir='ltr'>vernone,</span> <span class='ocrx_word' id='word_1_213' title='bbox 807 2219 883 2246; x_wconf 83' lang='lat' dir='ltr'>quae</span> <span class='ocrx_word' id='word_1_214' title='bbox 911 2211 944 2241; x_wconf 91' lang='lat' dir='ltr'>in</span> <span class='ocrx_word' id='word_1_215' title='bbox 967 2212 1104 2244; x_wconf 83' lang='lat' dir='ltr'>editione</span> <span class='ocrx_word' id='word_1_216' title='bbox 1125 2217 1217 2245; x_wconf 85' lang='lat' dir='ltr'>Rei-</span> 
     </span>
     <span class='ocr_line' id='line_1_31' title="bbox 108 2265 331 2294; baseline -0.004 0"><span class='ocrx_word' id='word_1_217' title='bbox 108 2265 204 2294; x_wconf 85' lang='lat' dir='ltr'>mari</span> <span class='ocrx_word' id='word_1_218' title='bbox 228 2265 331 2294; x_wconf 80' lang='lat' dir='ltr'>exstat.</span> 
     </span>
    </p>
   </div>
   <div class='ocr_carea' id='block_1_5' title="bbox 626 2322 707 2362">
    <p class='ocr_par' dir='ltr' id='par_1_9' title="bbox 626 2322 707 2362">
     <span class='ocr_line' id='line_1_32' title="bbox 626 2322 707 2362; baseline 0.012 -1"><span class='ocrx_word' id='word_1_219' title='bbox 626 2322 707 2362; x_wconf 64' lang='grc' dir='ltr'>ΒΩ</span> 
     </span>
    </p>
   </div>
  </div>
 </body>
</html>
