1565 2865
1178 187 1248 220 XV

181 332 603 375 Eam-citationibus
661 331 897 374 Oratoriis
952 331 1135 390 praeiirit
1187 333 1240 378 A.

87 433 92 436 -
128 407 235 453 'vffin
260 407 659 460 GOUDOEVER,
690 407 758 452 die
777 408 994 462 mercurii,
1027 409 1134 453 hora
1150 409 1245 454 XII.

194 486 377 529 Literas
401 487 605 528 Graecas
625 484 763 529 tradet
780 486 866 531 ΡΗ.
888 486 936 530 G.
952 500 1059 530 VAN
1073 486 1254 532 HEUs·

135 563 213 606 DE
231 595 243 616 ,
283 563 633 621 interpretaturus
666 575 760 606 cum
790 562 1084 607 Plutarcheam
1122 565 1252 606 Cice-

138 643 263 684 roais
286 634 435 692 vitam,
468 639 615 683 diebus
636 639 758 683 lunae
782 647 824 683 et
844 638 1016 693 martis,
1046 639 1153 684 hora
1169 640 1250 684 XI:

136 724 223 760 tum
277 719 494 761 Platonis
535 718 760 773 Gorgiam
807 723 848 761 et
897 717 1051 761 librum
1081 717 1254 777 Hippo-

137 794 269 838 cratis
313 798 367 837 de
403 799 540 846 adire,
583 796 716 851 aquis
745 803 790 837 et
821 797 932 838 locis
971 794 1016 838 in
1047 793 1253 839 Chresto-

137 871 296 915 mathia
339 871 643 930 Hippocratica
686 871 737 916 V.
782 871 843 915 Cl.
889 872 1027 930 Pruys
1068 887 1148 915 van
1180 872 1256 916 der

139 946 311 991 Hoeven
341 962 385 1006 p.
419 947 489 991 [42.
509 979 520 1000 ,
553 947 702 992 diebus
739 947 845 993 iovis
877 955 917 992 et
953 949 1140 1002 veneris,
1174 949 1257 992 ho-

139 1038 187 1066 ra
217 1023 289 1068 XI.

195 1100 385 1144 Literas
402 1102 658 1144 Hebraicas
673 1100 842 1145 docebit
858 1102 898 1147 J,
917 1102 969 1149 H.
988 1103 1230 1148 PAREAU
1246 1136 1257 1157 ,

140 1177 198 1220 ita
223 1184 269 1221 ut
300 1180 667 1222 Grammaticam
697 1187 906 1237 exponat,
953 1179 1100 1223 diebus
1136 1180 1259 1224 lunae

143 1262 184 1298 et
217 1254 347 1308 iovis,
380 1255 495 1298 hora
534 1255 608 1299 IX.
655 1255 884 1313 eademque
923 1256 1053 1309 hora,
1111 1256 1258 1301 diebus

141 1331 287 1375 martiS
315 1338 355 1376 et
382 1331 572 1385 venem‘S,
604 1332 811 1389 quaedam
842 1340 997 1378 tractet
1029 1333 1179 1393 Capita
1207 1349 1257 1379 ex

143 1408 275 1452 altero
302 1410 485 1464 Regum
515 1408 660 1452 Libro.

200 1485 386 1529 Literas
410 1487 687 1528 chaldaicas
713 1493 752 1530 et
777 1488 995 1542 Syriacas
1020 1487 1060 1531 J.
1082 1486 1136 1532 H.
1159 1488 1262 1532 PA-

147 1561 309 1607 REAU
328 1593 340 1614 ,
373 1562 522 1606 diebus
550 1563 671 1606 lunae
697 1570 738 1606 et
763 1563 892 1617 iovis,
922 1564 1029 1608 hora
1056 1565 1129 1610 XI.

202 1639 475 1681 Literarum
500 1640 819 1683 Arabicarum
845 1643 981 1683 initia
1009 1641 1050 1686 J.
1082 1641 1136 1686 H.
1161 1642 1263 1687 ΡΛ·-

149 1713 338 1766 REAU,
385 1714 534 1760 diebus
568 1716 715 1761 martis
752 1723 794 1761 et
831 1718 1020 1772 veneris,
1052 1719 1159 1763 hora
1186 1720 1260 1767 XI.

149 1797 189 1835 et
230 1793 439 1834 carmina
480 1797 706 1850 quaedam
742 1795 956 1838 Arabica
999 1799 1264 1854 antiquiora

148 1867 348 1912 tractabit
375 1868 443 1914 die
466 1871 685 1925 mercurii,
716 1871 822 1916 hora
838 1872 912 1917 IX.
940 1879 1012 1917 aut
1035 1873 1114 1918 alia
1143 1888 1265 1920 com-

149 1944 355 1995 modiore.

206 2023 256 2064 A
259 2026 551 2080 ntiquitatem
575 2027 852 2071 Hebraicam
873 2030 1014 2075 tradet
1031 2030 1073 2077 J.
1092 2031 1146 2078 H.
1164 2033 1266 2077 PA-

152 2097 316 2144 REAU
333 2131 346 2153 ,
376 2100 524 2146 diebus
556 2102 706 2157 lunae,
737 2105 906 2160 martis,
936 2107 1043 2154 iovis
1071 2117 1112 2154 et
1137 2125 1265 2156 vene-

151 2176 208 2219 ris
226 2208 237 2228 ,
269 2176 375 2220 hora
402 2178 434 2221 Ι.

206 2254 465 2297 Historiam
493 2259 696 2312 gentium
713 2289 726 2312 ,
762 2262 1007 2318 praesertim
1037 2269 1265 2310 recentio-

1160 2362 1266 2390 rlcm
