1565 2865
1172 192 1270 221 1111

218 338 593 384 Institutionibus
620 337 809 380 Clinicis
833 332 1094 377 morborum
1123 334 1272 376 inter-

161 432 324 458 norum
366 415 530 460 vacabit
557 413 598 458 J.
632 414 663 457 I.
696 409 1149 464 WOLTERBEEK,
1180 410 1273 454 sin·-

162 492 265 551 gulis
295 492 462 545 diebus,
492 492 538 535 in
563 489 819 535 Nosocomio
849 487 1120 533 Academico.

215 573 401 613 Praxin
432 571 748 625 chirurgicam
773 566 911 610 tradet
940 566 990 610 Β.
1016 564 1065 608 F.
1088 562 1276 608 SUER-

162 647 321 700 MAN,
350 654 498 704 quater
524 660 602 705 per
630 644 790 689 dierum
821 640 1128 689 hebdomadem
1145 672 1157 694 ,
1187 639 1273 683 ho-

160 738 209 767 ra
238 723 353 768 VIII.
523 719 525 721 ’

221 803 524 857 operationes
600 802 892 857 chirurgicas
967 795 1274 842 demonstrabit

161 878 211 922 B.
244 878 280 922 F
284 909 295 920 .
326 877 613 923 SUERMAN
633 908 644 928 ,
674 885 865 936 tempore
892 874 1095 933 hyemali,
1128 880 1275 930 quater

160 968 240 1013 per
265 954 426 998 dierum
457 954 792 1006 hebdomadem,
824 953 930 996 hora
960 952 1013 996 V.

218 1034 592 1073 Institutionibus
640 1013 819 1074 clinicis
860 1034 906 1072 in
949 1038 1051 1072 arte
1085 1029 1276 1071 chirar-

157 1110 294 1164 ζςνίσα,
326 1095 473 1164 (inovis
496 1108 587 1160 die,
619 1108 784 1151 vacabit
813 1107 864 1151 Β.
893 1106 944 1150 F.
974 1104 1274 1150 SUERMAN.

224 1188 468 1228 Theoriam
499 1188 619 1229 artis
650 1187 937 1227 obstetriciae
968 1183 1008 1226 J.
1036 1183 1070 1227 I.
1098 1181 1276 1228 VVOL-

161 1262 465 1317 TERBEEK,
497 1262 562 1306 die
586 1261 757 1316 martis,
786 1260 891 1307 iovis
919 1267 959 1305 et
975 1259 1161 1313 veneris,
1192 1258 1278 1302 ho-

160 1355 208 1384 ra
242 1340 313 1384 IX.

217 1420 591 1461 Institutionibus
666 1418 970 1468 obstetriciis,
1045 1416 1278 1471 imprimis

70 1514 80 1524 s
159 1498 412 1551 practicis,
455 1499 501 1538 in
544 1497 808 1537 Nosocomio
853 1494 1071 1536 habendis
1112 1489 1278 1534 vacabit

160 1573 200 1617 J.
230 1573 264 1618 I.
295 1571 740 1619 WOLTERBEEK.

217 1652 470 1692 Politia-am
500 1652 724 1693 medicam
753 1647 892 1691 tradet
912 1647 965 1691 N.
983 1644 1032 1689 C.
1049 1659 1114 1687 DE
1131 1642 1278 1686 F'RE-

158 1725 343 1780 MERY,
368 1727 516 1770 diebus
539 1725 736 1770 mercurii
763 1732 803 1768 et
820 1723 1006 1776 saturni,
1039 1722 1146 1765 hora
1162 1720 1275 1764 VIII.

214 1805 507 1861 Disputandi
538 1801 934 1854 exercitationibus,
968 1798 1138 1843 alternis
1169 1797 1280 1840 heb-

158 1881 409 1927 domadibus
430 1914 443 1935 ‚
482 1881 751 1925 Professores
785 1877 831 1921 in
858 1877 1078 1922 Facultate
1108 1873 1275 1920 Medica

157 1962 394 2018 prae'e'runt.

211 2036 253 2083 J.
283 2035 598 2082 BLEULAND
615 2067 629 2089 ,
658 2035 753 2080 licet
781 2039 960 2093 propter
989 2037 1165 2075 aetatem
1192 2028 1278 2072 ho—

157 2113 329 2158 norifice
370 2113 476 2158 rude
521 2113 728 2165 donatus,
775 2108 1127 2155 commilitonibus
1147 2139 1158 2161 ‚
1201 2104 1276 2162 qui

160 2190 478 2249 explicationem
511 2190 813 2234 accuratiorem
843 2186 1120 2247 speciminum
1156 2185 1279 2228 Ana-

161 2267 413 2314 tomicorum
443 2276 484 2315 et
513 2267 884 2326 Pathologicorum
905 2266 950 2310 in
975 2264 1125 2310 Museo
1147 2256 1279 2321 prae-A

1177 2350 1276 2383 sen-
