1487 2850
234 208 289 255 132
465 203 1136 246 οοΜΜΕΝΤΛΤιο

232 313 300 363 qui
320 324 386 354 eos
408 314 686 354 interficiendos
709 313 858 354 tradidit
873 342 887 361 ‚
903 321 940 353 et
954 314 1102 354 Aeliani
1127 315 1214 355 loco
1237 315 1354 356 Clau·

231 385 335 423 dium
364 383 565 422 Livianum
597 384 842 423 Praetorianis
870 383 1064 432 praefecit.
1116 385 1197 424 Sub
1219 385 1350 436 Traja-

230 465 284 492 no
313 453 448 492 milites
476 451 512 490 se
535 464 727 500 nunquam
750 454 898 492 feroces
923 462 987 491 aut
1012 453 1211 493 insolentes
1243 467 1351 504 prae,-

229 522 380 571 buisse‚
407 522 521 561 refert
535 523 660 563 Dio:
687 524 779 562 adeo
795 534 860 562 eos
885 523 1040 562 retinuit
1063 524 1101 562 in
1118 524 1242 563 officio
1255 524 1353 565 Tra-

226 595 353 646 janus.
405 594 493 632 Huc
519 594 610 632 mihi
633 593 818 642 pertinere
844 594 1193 633 videnturPIinii
1212 594 1348 635 verba:

234 690 261 712 ‚‚
285 663 478 713 Corrupta
515 675 574 702 est
604 672 812 704 castrorum
847 663 1071 713 disciplina,
1118 673 1162 703 ut
1185 673 1229 704 tu
1267 675 1354 704 cor.-

232 761 259 784 „
283 743 407 773 rector
431 734 719 782 emendatorque
741 734 994 783 contingeres.
1045 733 1245 774 Inductum
1265 745 1354 783 pes·

232 830 258 853 „
284 802 415 842 fimum
431 805 639 852 exemplum
651 832 664 851 ‚
677 812 720 842 ut
738 803 924 853 optimum
939 812 1196 853 opponeretur
1207 804 1234 822 ”
1260 804 1350 855 (1).

227 873 382 913 Etenim
423 874 561 912 milites
611 874 868 912 Praetorianos
922 874 1071 912 licentia
1114 882 1153 913 et
1200 873 1353 912 audacia

228 943 375 982 feroces
407 951 445 981 et
470 942 632 980 lascivos
661 941 801 990 fuisse,
828 942 1017 989 historia,
1047 953 1156 989 quam
1180 942 1254 991 jam
1278 949 1354 981 tra·

229 1014 390 1052 didimus
416 1023 568 1060 eorum,
595 1012 680 1051 satis
695 1011 851 1061 docuit;
880 1021 917 1050 et
943 1011 1177 1060 Imperatoris
1188 1011 1354 1061 dignita-

230 1091 307 1122 tem
323 1083 368 1122 ab
388 1083 433 1121 iis
459 1082 619 1129 violari,
635 1082 839 1130 pessimum
853 1080 968 1121 fuisse
981 1081 1189 1130 exemplum
1203 1109 1217 1128 ‚
1231 1081 1270 1118 in
1283 1081 1353 1119 du-

228 1154 335 1192 bium
345 1153 470 1191 vocari
483 1163 561 1191 non
573 1161 717 1201 potest.
745 1152 879 1199 Itaque
891 1162 988 1199 opus
1002 1159 1077 1189 erat
1092 1159 1135 1188 ut
1145 1150 1352 1200 Trajanus,

229 1223 298 1271 qui
312 1222 557 1269 fortitudine,
582 1221 756 1270 justitia,
781 1233 1004 1268 morumque
1020 1221 1239 1269 integritate*
1256 1221 1352 1258 mul·

227 1301 311 1331 tum
343 1291 569 1338 excellebat,
598 1303 663 1329 eos
688 1290 755 1329 sub
777 1291 972 1339 disciplina
995 1290 1219 1329 contineret.
1246 1289 1346 1328 Dio

226 1361 368 1401 factum
403 1361 554 1411 Trajani
575 1361 822 1409 memoravit,
850 1373 894 1399 ex
926 1372 1005 1408 quo
1034 1360 1215 1408 imprimis
1239 1371 1347 1408 prae-

228 1433 326 1472 stans
353 1433 434 1482 ejus
460 1432 604 1470 indoles
629 1440 807 1480 apparet:
840 1459 864 1478 „
891 1430 1019 1480 Quum
1044 1430 1121 1477 illi,
1145 1429 1212 1477 qui
1238 1430 1348 1468 Prae-

233 1532 258 1552 „
283 1501 374 1541 fecti
399 1502 720 1540 Praetorianorum
751 1511 904 1538 munere
922 1500 1122 1538 functurus
1149 1507 1248 1546 erat,
1276 1500 1350 1548 gla-

234 1600 259 1620 „
285 1572 384 1610 dium
401 1597 414 1617 ‚
445 1582 521 1619 quo
546 1570 646 1619 cingi
656 1569 1078 1617 debebat‚praeberet;
1108 1580 1154 1607 eo
1178 1568 1319 1607 nudato
1334 1599 1348 1618 ,

232 1672 257 1692 „
282 1652 394 1690 atque
428 1649 633 1689 porrecto:
659 1639 803 1687 Accipe
834 1638 998 1688 gladium
1029 1638 1151 1683 hunc,
1201 1638 1274 1684 ait,
1305 1645 1348 1676 ut

233 1741 258 1762 „
283 1724 356 1759 eo,
395 1710 421 1749 fi
455 1719 554 1747 recte
582 1710 787 1756 imperem,
829 1720 901 1757 pro
929 1719 1016 1756 me,
1056 1707 1111 1746 fin
1147 1708 1346 1756 nequiter,

285 1789 415 1818 contra
441 1791 502 1818 me
531 1778 644 1817 utaris
661 1777 686 1793 '⁹
704 1778 790 1827 (2).

283 1852 363 1890 Sub
389 1851 433 1890 P.
460 1849 570 1888 Aelio
594 1848 810 1894 Hadriano,
845 1847 911 1894 qui
946 1846 1109 1896 TraJano
1141 1847 1313 1886 successit
1329 1877 1344 1896 ,

230 1921 361 1963 floruit
375 1920 431 1959 vir
445 1918 614 1968 egregius
631 1944 645 1965 ‚
672 1917 832 1957 Martius
846 1917 1029 1955 Livianus
1046 1916 1182 1956 Turbo
1197 1945 1210 1964 ‚
1236 1917 1342 1957 Prae-

229 1997 352 2033 fectus
378 1989 567 2030 Praetorio
585 2016 598 2035 ,
626 1988 718 2037 qui,
742 1996 836 2025 teste
861 1987 1056 2033 Dione,
1090 1987 1144 2025 rei
1173 1980 1344 2034 militaris

230 2061 500 2113 peritissimus,
525 2058 620 2096 nihil
631 2058 670 2096 in
684 2069 730 2096 eo
752 2067 905 2096 munere
929 2068 1093 2106 unquam
1107 2058 1269 2096 molliter
1286 2057 1342 2096 fa-

1283 2139 1345 2167 ce-

233 1811 259 1832 ‘9

270 2194 327 2232 (Ι)
347 2196 383 2223 In
406 2194 561 2228 Pancgyr,
576 2200 605 2220 c.
625 2195 655 2222 6.

270 2255 323 2291 (ε)
344 2250 493 2287 Xiphil.
523 2259 537 2276 e
566 2252 682 2282 Dione,
714 2250 737 2278 1.
763 2249 893 2276 vam.
917 2257 942 2276 c.
966 2249 1012 2276 16.
1053 2247 1128 2285 Quis
1146 2249 1214 2276 h.1.
1236 2248 1335 2278 praef.

231 2314 334 2342 Praet.·
348 2306 542 2342 amineam.
558 2306 655 2335 minus
671 2303 871 2334 manifestum.
892 2302 987 2333 conf.
1005 2310 1077 2333 nota
1095 2305 1130 2332 ad
1146 2304 1177 2332 h.
1195 2305 1217 2333 l.
