1487 2850
346 202 400 242 94
553 189 1244 234 COMMENTATro

346 300 435 339 time
468 299 615 348 prodet.
667 299 800 347 Itaque
830 300 863 337 si
885 299 978 338 mihi
1001 299 1097 340 data
1122 301 1169 340 ad
1196 311 1326 341 manus
1358 301 1454 343 fuis-

345 379 454 417 sent,
492 369 564 418 hoc
591 377 647 407 est
673 368 861 407 sufficiens
901 369 1191 410 declinationum
1230 381 1267 410 et
1302 372 1456 412 inclina·

343 440 488 478 tionum
526 450 731 486 numerus,
758 438 1034 478 observatarum
1062 441 1190 479 eodem
1223 449 1392 491 tempore
1411 441 1452 481 in
1481 452 1484 454 ’

343 508 500 549 diversis
537 509 639 547 orbis
670 508 881 557 tractibus,
921 520 1082 558 quorum
1116 518 1153 548 et
1186 511 1383 559 longitudo
1413 520 1452 551 et

341 579 498 618 latitudo
533 578 627 618 bene
652 579 803 628 cognita
834 579 911 627 sit,
944 579 1172 628 cupivissem
1207 580 1378 628 equidem
1414 580 1454 620 in

341 649 436 688 hanc
469 660 546 687 rem
587 649 744 688 ulterius
788 648 1001 698 inquirere3
1045 650 1110 687 sed
1144 661 1230 689 cum
1264 649 1328 688 illa
1363 650 1453 689 defi·

340 728 488 766 cerem,
516 731 592 758 rem
623 718 767 758 distuli.
821 715 955 767 Neque
996 718 1277 767 exspectabam,
1303 718 1386 757 fore
1407 726 1452 757 ut

341 787 614 838 experimenta,
645 789 706 827 hic
731 789 806 827 illic
841 800 955 842 super
978 789 1216 827 inclinatione
1240 797 1277 827 et
1294 788 1452 827 declina-

342 859 445 896 tione
476 870 565 897 acus
596 859 789 906 instituta,
824 869 910 897 cum
946 858 1089 897 theoria
1111 859 1379 906 convenirent,
1407 869 1453 897 ex

343 939 422 976 quo
451 928 553 975 vidi,
586 928 823 966 doctissimos
847 928 949 967 viros
966 956 980 976 ‚
1007 928 1145 976 quibus
1180 929 1268 966 haec
1296 939 1354 965 res
1386 938 1452 965 cu-

343 1009 405 1036 rae
427 997 606 1045 cordique
634 997 796 1047 fuisset,
836 997 1016 1046 imprimis
1051 1006 1172 1036 autem
1200 998 1452 1036 Hanstee-

339 1068 500 1117 nium,
528 1080 548 1106 e
571 1066 734 1116 cognitis
759 1067 976 1118 hujusmodi
1002 1066 1262 1116 experimentis
1287 1074 1448 1114 quatuor

342 1138 434 1176 adeo
470 1139 579 1187 polos
617 1139 828 1186 multasque
871 1147 908 1176 et
938 1148 1086 1186 magnas
1128 1135 1326 1174 anomalias
1358 1144 1396 1174 et
1429 1146 1451 1173 a

342 1208 484 1246 theoria
508 1209 581 1246 hoc
607 1209 720 1246 modo
746 1207 898 1246 fundata
923 1207 1174 1246 aberrationes
1199 1206 1398 1244 invenisse.

391 1278 450 1317 Sit
481 1278 521 1316 Z
541 1286 671 1317 vertex
694 1278 795 1316 illius
829 1278 929 1324 loci,
958 1277 1023 1316 ubi
1048 1275 1328 1315 observationes
1352 1285 1450 1323 mag·

341 1351 483 1387 neticae
509 1348 700 1387 institutae
732 1357 837 1388 sunt.
889 1347 1019 1396 Itaque
1039 1347 1079 1384 in
1107 1345 1292 1395 triangulo
1328 1345 1446 1385 ZPP'

341 1417 489 1467 cognita
518 1426 606 1456 sunt
631 1417 745 1455 haec:

694 1487 767 1525 ZP
830 1490 1051 1536 :290—0)

691 1556 814 1596 PZP‘
825 1555 919 1595 :d

697 1626 783 1666 ZP'
831 1627 1050 1674 =90—i.

342 1697 580 1736 Inveniemur
603 1705 639 1734 et
667 1697 772 1744 PP‘,
813 1707 908 1744 quae
932 1705 988 1733 est
1012 1693 1218 1733 colatitudo
1253 1693 1331 1743 poli
1355 1704 1456 1742 mag-

341 1767 456 1808 netici
476 1776 512 1805 et
534 1769 694 1815 angulus
716 1766 835 1806 ZPP‘
849 1794 863 1814 ‚
892 1777 986 1814 quae
1008 1766 1142 1804 collata
1168 1775 1252 1803 cum
1272 1762 1355 1812 ipsa
1378 1763 1455 1802 loci

343 1837 573 1886 longitudine
599 1849 622 1878 λ
637 1864 650 1883 ‚
679 1836 781 1875 dabit
803 1836 1072 1885 longitudinem
1099 1834 1180 1883 poli
1203 1833 1416 1883 magnetici.

393 1907 514 1946 Unica
542 1906 672 1955 itaque
704 1905 916 1944 observatio
947 1906 1135 1955 completa
1165 1904 1375 1958 sufficeret,
1419 1902 1454 1941 si

343 1986 472 2024 nostra
507 1976 723 2027 suppositio
761 1987 849 2014 vera
882 1985 1011 2023 esset,
1052 1985 1095 2013 ut
1122 1975 1217 2014 situs
1256 1974 1453 2022 utriusque

344 2048 426 2098 poli
448 2047 642 2096 magnetici
668 2046 911 2084 inveniretur.
965 2046 1039 2084 Sed
1064 2054 1144 2084 tum
1169 2046 1315 2084 demum
1332 2072 1345 2091 ‚
1369 2055 1456 2082 cum

343 2126 381 2156 et
423 2117 535 2155 altera
569 2124 606 2154 et
641 2115 771 2166 ingens
809 2115 902 2154 adeo
934 2125 1110 2154 numerus
1148 2112 1452 2152 observationum
1486 2112 1487 2124 ¹

344 2187 645 2226 simultanearum
673 2184 1067 2245 supputatusifuerim
1112 2184 1344 2232 eundemque
1375 2193 1456 2221 om-

349 2267 416 2300 nes
440 2265 614 2297 eventum
636 2255 902 2306 exhibuerint,
919 2255 998 2304 ipsa
1019 2255 1107 2293 haec
1126 2253 1343 2304 suppositio
1365 2262 1456 2303 pro-

1394 2320 1457 2359 cul
