1565 2865
282 231 397 288 xxix

285 396 414 442 offert
455 371 817 440 commilitonibus.
881 389 1108 436 Orationes
1136 405 1278 437 sacras
1308 391 1391 437 ha-

282 474 474 517 bentibus
516 485 684 531 praeses
725 465 883 519 aderit,
928 466 1075 512 diebus
1107 476 1148 512 et
1175 469 1320 524 horis,
1353 477 1392 515 et

280 550 360 594 sibi
393 556 433 594 et
463 545 808 593 commilitonibus
836 544 1105 602 opportunis.

339 776 392 820 G.
422 775 591 820 DORN
617 773 888 826 SEIFFEN,
921 776 1019 816 Lit.
1040 776 1248 817 Human.
1269 775 1395 816 Leo-

284 858 378 906 tor,
420 852 565 895 diebus
599 851 720 894 lunae
763 857 802 893 et
844 849 950 894 iovis
976 850 1083 893 hora
1109 851 1188 905 V.,
1220 853 1395 894 Gram-

280 931 496 971 maticam
534 929 760 969 Graecam
800 933 1004 984 exponet3
1049 926 1196 971 iisdem
1246 927 1395 971 diebus

280 1004 387 1049 hora
412 1005 510 1056 VL,
558 1011 628 1047 aut
664 1003 769 1056 alia,
812 1003 1072 1048 auditoribus
1107 1003 1240 1062 magis
1272 1019 1396 1049 com-

280 1081 431 1135 moda,
463 1084 517 1124 de
547 1083 778 1137 rhytmica
806 1083 1021 1134 ratione,
1043 1090 1136 1124 tam
1170 1085 1215 1124 in
1243 1084 1396 1125 Grae-

283 1175 466 1211 corum,
498 1175 634 1216 quam
666 1160 972 1212 Latinorum,
1000 1163 1248 1214 Ροέἑανιιγη
1288 1175 1396 1201 car-

283 1238 477 1279 minibus
509 1243 616 1293 aget.
756 1279 764 1286 ,

337 1313 378 1357 J.
410 1312 463 1357 H.
496 1311 655 1357 KOCH
710 1311 896 1371 Linguae
946 1312 1222 1356 Germanicae
1252 1327 1397 1371 gram-

282 1389 475 1434 maticam
511 1396 550 1433 et
582 1389 801 1433 historiam
834 1389 1061 1434 literar-iam
1091 1390 1398 1449 interpretabi-

283 1472 377 1520 tur,
407 1465 513 1509 hora
543 1466 803 1511 auditoribus
835 1467 1072 1511 commoda.

341 1545 532 1585 Literas
554 1546 786 1600 Anglicczs
808 1543 947 1587 tradet
977 1543 1024 1588 C.
1050 1543 1397 1599 THOMPSON,

286 1618 429 1664 diebus
456 1621 576 1664 lunae
607 1627 646 1664 et
673 1620 803 1674 iovis,
834 1620 940 1664 hora
965 1620 1037 1664 lv.

341 1697 390 1742 L.
421 1711 483 1740 DE
518 1696 777 1749 FRANCE,
809 1697 1083 1740 Academicus
1123 1696 1397 1754 gladiatoriae

288 1773 388 1818 artis
427 1773 651 1831 Magister,
696 1774 883 1830 quotidie
921 1781 1064 1832 aptum
1102 1781 1143 1817 et
1171 1774 1400 1831 elegantem

289 1850 415 1909 gladii
442 1865 560 1894 usum
592 1850 774 1895 docebit.

619 1989 1069 2001 *owen-0⁸¹·—

350 2074 635 2118 Bibliotheca
677 2077 961 2119 Academica
978 2109 990 2130 ,
1037 2078 1194 2120 diebus
1241 2080 1376 2120 lunae
1389 2107 1402 2128 ‚

298 2153 488 2203 marti-s,
520 2155 631 2194 iovis
659 2162 703 2195 et
729 2157 934 2207 veneris,
965 2156 1020 2196 ab
1043 2157 1158 2197 hora
1189 2157 1231 2197 I.
1257 2156 1303 2196 in
1320 2155 1405 2204 II,

296 2227 452 2270 diebus
471 2223 691 2272 mercurii
712 2240 755 2273 ec
775 2235 960 2274 saturni
985 2234 1040 2274 ab
1052 2234 1169 2274 liora
1183 2234 1226 2277 I.
1245 2234 1291 2273 in
1306 2233 1402 2283 IV,

1357 2316 1403 2349 et
