1487 2850
435 214 821 262 O-RATLO.
1126 219 1184 264 35

71 369 232 425 busque
264 376 425 421 vectam
454 371 508 414 ad
536 371 638 415 fines
668 386 801 428 usque
827 371 1028 430 Regionis
1060 373 1182 419 Rhe-

67 445 394 502 nosstrajectinae
427 456 650 506 prosecuta
696 456 768 492 est.
832 450 1080 507 Lugentium
1115 453 1183 496 la-

67 523 219 574 crimas
262 523 447 574 cohibuit
498 525 811 581 quodammodo
854 528 1102 584 tranquillus
1136 529 1180 573 in

67 600 268 644 adeundis
292 616 373 660 pro
397 601 534 660 patria
558 602 751 660 periculis
776 604 968 658 juvenum
994 604 1178 661 animus3

66 693 192 735 quam
223 678 407 735 quidem.
435 678 561 723 animi
598 679 950 736 tranquillitatem·
976 695 1062 724 non
1111 681 1180 726 alii

65 769 216 806 causae
259 755 525 805 tribuendam
566 756 729 810 fuisse,
764 770 927 800 mecum
974 758 1182 802 consentit

64 833 268 890 quisque,
290 832 371 889 nisi
392 833 589 892 prudenti
608 834 794 888 *consiijo
823 841 862 878 et
888 834 1025 892 gravis
1055 835 1182 878 officii

61 909 263 970 implendi
278 895 422 954 ardori
434 910 686 969 periclitanti
705 912 865 970 patriae
877 910 1182 965 succurrendi,

65 994 106 1031 et
133 987 255 1045 hujus
276 1019 288 1040 ,
309 994 372 1030 tot
396 988 562 1032 milibus
593 988 743 1033 civium
772 989 1069 1047 adjuvantibus
1084 1021 1098 1044 ,
1129 990 1183 1034 ab

62 1064 245 1113 interitu<
262 1063 549 1109 vindicandae.
708 1120 715 1127 ·

123 1139 164 1185 Ο
198 1139 359 1183 tristem
388 1141 512 1184 nobis
540 1142 655 1184 illum
687 1142 794 1185 diem
834 1142 950 1199 cujus
981 1134 1184 1189 memori—

64 1217 270 1267 amnihil
298 1217 452 1270 levabit
478 1217 558 1261 nisi
587 1219 819 1262 faustuset
848 1234 1031 1278 prosper
1066 1220 1179 1275 dies,

64 1307 150 1351 quo
175 1293 322 1348 nobis,
352 1294 626 1353 parentibus,
654 1295 868 1353 cognatis,
906 1296 1007 1350 sibi,
1044 1298 1182 1356 placi-

62 1368 218 1429 disque*
238 1371 526 1425 doctrinarum
563 1373 711 1416 studiis
741 1373 899 1427 redditi.
930 1374 1083 1419 fuerint
1106 1376 1181 1420 Iu-
1252 1433 1261 1440 ν

60 1459 208 1504 venes,
241 1450 293 1494 de
323 1448 463 1508 patria
490 1449 647 1508 optime
675 1449 833 1494 meriti!

118 1526 161 1572 Ο
198 1526 358 1571 utinam
400 1526 518 1570 hicce
561 1527 649 1570 dies
689 1534 774 1574 tam
812 1527 896 1570 cito
923 1529 1180 1584 *veniat‚'ut

59 1602 164 1648 Viro
192 1603 255 1650 Cl.
291 1604 395 1647 mihi
422 1604 466 1648 in
495 1603 688 1648 rectione,
710 1604 968 1658 successori,
1007 1604 1179 1648 contin-

61 1687 151 1737 gat,
175 1687 245 1734 ut,
276 1680 397 1724 initio
413 1680 706 1738 magistratus,
729 1681 980 1726 Academiae
1002 1683 1179 1729 alumnis

59 1758 241 1805 faustum
278 1765 320 1802 et
354 1758 607 1803 incolumem
640 1758 819 1812 reditum
855 1759 1104 1817 gratuletur!

114 1983 203 2029 Sed
240 1985 402 2031 animus
435 2002 460 2031 a
490 1992 889 2037 commemoratione
917 2007 1058 2038 rerum
1085 2001 1174 2040 tam

56 2061 238 2107 tristium
267 2062 312 2107 in
341 2064 584 2112 laetioribus
616 2069 864 2125 requiescat.

115 2139 276 2199 Regem
321 2142 621 2198 celsissimum,
678 2159 771 2190 cum
814 2146 970 2191 Uxore'
1012 2154 1053 2191 et
1087 2154 1175 2191 tota

59 2218 195 2263 Gente
218 2219 469 2275 Nassavica,
497 2223 655 2268 salvum
684 2231 723 2268 ct
737 2224 987 2269 incolumem
1009 2239 1122 2277 esse,
1139 2223 1176 2268 si

60 2308 270 2354 unquam,
292 2311 402 2344 nunc
431 2305 545 2345 certe
573 2300 791 2346 laetamur.
841 2302 975 2362 Magis
992 2301 1178 2347 adstric-

550 2375 583 2420 C
612 2381 640 2420 2
1086 2386 1175 2422 tum
