1487 2850
259 224 334 262 170
480 205 1140 250 COMMENTATIO

257 322 429 359 celeratae
453 317 603 365 forent,
634 324 670 355 et
703 316 756 353 sic
785 315 951 364 deincps.
1006 315 1244 365 Quapropter
1276 325 1364 353 cum

257 387 537 436 horologiorum
568 385 696 433 opifex
717 385 754 422 id
778 393 860 433 agat
875 412 887 430 ,
901 392 1012 431 atque
1035 385 1189 432 pulchre
1209 392 1364 423 conten-

259 467 319 496 tus
339 457 412 504 sit,
426 457 538 495 modo
560 454 789 494 differentiae
814 454 995 492 secundae
1022 454 1358 501 constantesvsint,

257 539 304 566 ne
322 527 436 576 magis
456 526 563 564 etiam
586 525 801 563 oberremus
819 552 830 569 ,
845 523 1037 562 ulteriores
1057 523 1226 561 omittere
1238 523 1360 562 ,satius

257 606 327 636 est.
382 597 528 646 Quanta
569 596 618 633 sit
651 594 854 634 differentia
889 594 1075 639 secunda,
1125 592 1236 630 modo
1271 603 1364 630 con—

255 676 357 706 stans
395 667 465 713 sit‚
493 666 646 703 omnino
670 676 798 712 parum
826 664 969 701 attinet.
1023 663 1198 701 Ceterum
1233 669 1362 710 potest

254 735 314 773 illa
328 734 576 772 mechanismo
596 732 820 780 regulatorio
836 743 948 779 supra
962 731 1151 779 descripto
1165 730 1358 777 imminui,

254 814 297 842 ut
331 803 446 841 ferme
477 811 688 840 evanescat:
719 802 823 848 quod.
860 802 928 838 etsi
960 801 1039 838 fieri
1067 811 1213 848 semper
1251 811 1366 848 opor·

254 882 328 911 teat
345 901 357 920 ‚
385 873 534 910 minime
559 881 678 909 tamen
701 871 792 908 illud
820 870 1022 917 quaesitam
1040 881 1173 908 cursus
1188 876 1363 909 constan÷

254 945 338 981 tiam
363 942 562 990 horologio
595 941 758 979 tribuere
795 948 938 988 potest.

302 1015 434 1060 Itaque
473 1014 774 1049 chronometrum
819 1009 969 1047 minime
1005 1009 1267 1057 postulamus,
1315 1016 1360 1045 ut

251 1090 398 1131 tempus
437 1082 597 1119 medium
635 1091 760 1118 exacte
795 1089 998 1128 sequatur,
1036 1079 1101 1116 sed
1132 1078 1240 1116 unice
1268 1077 1362 1118 illud

251 1153 521 1197 desideramus,
550 1159 592 1188 ut
618 1149 837 1188 uniformem
863 1149 992 1187 habeat
1022 1156 1190 1195 motum,
1219 1147 1256 1185 id
1278 1156 1358 1195 est,

248 1230 292 1260 ut
324 1219 551 1259 differentiae
593 1219 773 1256 secundae
808 1218 963 1264 motus,
1004 1227 1148 1264 semper
1184 1216 1354 1262 aequales

250 1291 342 1330 sint.
395 1290 479 1327 Hoc
507 1288 545 1326 id
575 1296 656 1335 est,
687 1299 762 1335 quo
791 1287 988 1324 methodus
1013 1287 1073 1323 illa
1098 1286 1249 1324 fundata
1273 1294 1357 1333 est;

248 1361 340 1399 illud
367 1368 487 1397 autem
526 1368 672 1403 semper
705 1357 895 1401 obtinere,
922 1364 1024 1392 certo
1047 1355 1160 1392 statui
1183 1365 1260 1393 non
1287 1367 1356 1403 po-

248 1438 346 1475 test,
375 1429 449 1465 imo
473 1426 696 1465 'contrarium
722 1424 829 1462 etiam
854 1426 970 1462 multo
995 1424 1356 1473 probabilius'esse‚

247 1498 376 1536 nescio
409 1497 489 1545 ipsa
525 1495 578 1533 rei
601 1504 732 1533 natura
762 1495 922 1541 clarius,
950 1506 996 1532 an
1018 1496 1238 1542 experientia
1259 1508 1353 1543 quo-

249 1568 413 1614 tidiana,
446 1568 690 1604 demonstret.
748 1565 822 1603 Sed
860 1576 904 1602 eo
933 1576 990 1602 ars
1024 1566 1239 1613 horologica
1271 1578 1359 1614 pro-

249 1650 372 1687 gressa
410 1646 495 1683 est,
549 1645 590 1673 ut
631 1636 758 1672 harum
803 1633 1090 1672 differentiarum
1130 1637 1352 1683 anomaliae,

247 1709 285 1746 id
317 1716 373 1745 est
409 1706 635 1745 differentiae
671 1706 821 1751 tertiae,
849 1705 919 1743 etsi
947 1716 1024 1742 non
1054 1706 1206 1744 omnino
1237 1707 1358 1745 nullae

248 1778 351 1825 sint,
388 1778 582 1815 admodum
621 1776 773 1824 exiguae
800 1784 944 1822 tamen,
971 1784 1081 1822 arque
1115 1777 1225 1813 modo
1248 1786 1358 1822 nega-,-

248 1849 371 1894 rivae,
408 1847 521 1884 modo
556 1845 758 1893 positivae,
794 1843 889 1881 circa
925 1845 1078 1881 mediam
1112 1842 1351 1882 differentiam

248 1919 445 1958 secundam
475 1918 578 1954 velut
605 1916 801 1954 oscillent:
841 1915 934 1952 illud
964 1915 1058 1951 enim
1086 1915 1254 1962 inprimis
1289 1915 1357 1953 ab·

248 1992 470 2035 borretum,
517 1995 558 2024 ut
598 1986 732 2024 subitis
765 1985 1032 2022 variationibus
1058 1985 1107 2022 sit
1131 1985 1354 2025 obnoxium,

247 2062 423 2100 Ceterum
460 2059 548 2095 haec
582 2068 691 2105 pars,
721 2067 813 2102 quae
849 2066 931 2092 cum
963 2055 1045 2102 ipsa
1071 2055 1353 2095 constructione

249 2132 594 2169 chronometrorum
640 2127 768 2164 intime
805 2126 1003 2174 conjuncta
1037 2134 1115 2171 est,
1154 2125 1244 2173 ipsis
1281 2126 1350 2163 ho-

248 2198 498 2247 r'o'logiopegis
533 2207 589 2235 est
621 2196 881 2243 relinquenda,
911 2207 1007 2241 quos
1042 2195 1208 2232 consiliis
1236 2204 1348 2243 atque

252 2269 405 2310 monitis
444 2268 615 2317 adjuvare
654 2274 919 2312 astronomos,
957 2264 1022 2302 sed
1049 2263 1157 2304 donis
1195 2264 1354 2313 liberali·

1281 2333 1353 2374 bus
