<?xml version="1.0" encoding="UTF-8"?>
<!DOCTYPE html PUBLIC "-//W3C//DTD XHTML 1.0 Transitional//EN"
    "http://www.w3.org/TR/xhtml1/DTD/xhtml1-transitional.dtd">
<html xmlns="http://www.w3.org/1999/xhtml" xml:lang="en" lang="en">
 <head>
  <title>
</title>
<meta http-equiv="Content-Type" content="text/html;charset=utf-8" />
  <meta name='ocr-system' content='tesseract 3.04.00' />
  <meta name='ocr-capabilities' content='ocr_page ocr_carea ocr_par ocr_line ocrx_word'/>
</head>
<body>
  <div class='ocr_page' id='page_1' title='image "annalesacademiae30acad_0080.png"; bbox 0 0 1487 2850; ppageno 0'>
   <div class='ocr_carea' id='block_1_1' title="bbox 284 226 1023 276">
    <p class='ocr_par' dir='ltr' id='par_1_1' title="bbox 284 226 1023 276">
     <span class='ocr_line' id='line_1_1' title="bbox 284 226 1023 276; baseline -0.004 0"><span class='ocrx_word' id='word_1_1' title='bbox 284 233 340 276; x_wconf 75' lang='lat'><strong>52</strong></span> <span class='ocrx_word' id='word_1_2' title='bbox 642 226 1023 274; x_wconf 73' lang='lat' dir='ltr'>ORATIO.</span> 
     </span>
    </p>
   </div>
   <div class='ocr_carea' id='block_1_2' title="bbox 257 384 1381 2286">
    <p class='ocr_par' dir='ltr' id='par_1_2' title="bbox 282 384 1381 508">
     <span class='ocr_line' id='line_1_2' title="bbox 283 384 1381 447; baseline 0.001 -15"><span class='ocrx_word' id='word_1_3' title='bbox 283 396 323 432; x_wconf 86' lang='lat' dir='ltr'><strong>ta</strong></span> <span class='ocrx_word' id='word_1_4' title='bbox 353 385 519 444; x_wconf 76' lang='lat' dir='ltr'>&#39;quaevis</span> <span class='ocrx_word' id='word_1_5' title='bbox 535 416 546 437; x_wconf 85' lang='lat'>‚</span> <span class='ocrx_word' id='word_1_6' title='bbox 572 384 821 428; x_wconf 75' lang='lat' dir='ltr'><strong>&#39;incolumem</strong></span> <span class='ocrx_word' id='word_1_7' title='bbox 835 385 1058 443; x_wconf 73' lang='lat' dir='ltr'><strong>praecipue</strong></span> <span class='ocrx_word' id='word_1_8' title='bbox 1073 385 1255 432; x_wconf 83' lang='lat' dir='ltr'><strong>reditum</strong></span> <span class='ocrx_word' id='word_1_9' title='bbox 1278 402 1381 447; x_wconf 86' lang='lat' dir='ltr'><strong>pre-</strong></span> 
     </span>
     <span class='ocr_line' id='line_1_3' title="bbox 282 466 1374 508; baseline -0.002 0"><span class='ocrx_word' id='word_1_10' title='bbox 282 469 456 508; x_wconf 84' lang='lat' dir='ltr'><strong>caretur.</strong></span> <span class='ocrx_word' id='word_1_11' title='bbox 604 471 606 473; x_wconf 82' lang='grc'><strong>’</strong></span> <span class='ocrx_word' id='word_1_12' title='bbox 800 466 803 469; x_wconf 73' lang='grc'><strong>’</strong></span> <span class='ocrx_word' id='word_1_13' title='bbox 1372 478 1374 480; x_wconf 72' lang='grc'>’</span> 
     </span>
    </p>

    <p class='ocr_par' dir='ltr' id='par_1_3' title="bbox 262 535 1381 1435">
     <span class='ocr_line' id='line_1_4' title="bbox 337 535 1379 593; baseline 0.005 -12"><span class='ocrx_word' id='word_1_14' title='bbox 337 539 472 582; x_wconf 89' lang='lat' dir='ltr'><strong>Porro</strong></span> <span class='ocrx_word' id='word_1_15' title='bbox 490 569 500 589; x_wconf 84' lang='lat'>‚</span> <span class='ocrx_word' id='word_1_16' title='bbox 533 536 691 593; x_wconf 84' lang='lat' dir='ltr'><strong>rogavit</strong></span> <span class='ocrx_word' id='word_1_17' title='bbox 712 535 890 581; x_wconf 85' lang='lat' dir='ltr'><strong>Senatus</strong></span> <span class='ocrx_word' id='word_1_18' title='bbox 906 569 917 589; x_wconf 90' lang='lat'>,</span> <span class='ocrx_word' id='word_1_19' title='bbox 941 545 985 581; x_wconf 89' lang='lat' dir='ltr'><strong>ut</strong></span> <span class='ocrx_word' id='word_1_20' title='bbox 1007 538 1239 585; x_wconf 84' lang='lat' dir='ltr'><strong>medicinae</strong></span> <span class='ocrx_word' id='word_1_21' title='bbox 1258 541 1379 585; x_wconf 82' lang='lat' dir='ltr'><strong>-Pro-</strong></span> 
     </span>
     <span class='ocr_line' id='line_1_5' title="bbox 277 614 1380 672; baseline 0.001 -12"><span class='ocrx_word' id='word_1_22' title='bbox 277 616 479 670; x_wconf 72' lang='lat' dir='ltr'><strong>sessores,</strong></span> <span class='ocrx_word' id='word_1_23' title='bbox 511 614 598 656; x_wconf 87' lang='lat' dir='ltr'><strong>Viri</strong></span> <span class='ocrx_word' id='word_1_24' title='bbox 624 614 674 656; x_wconf 93' lang='lat' dir='ltr'><strong>cl.</strong></span> <span class='ocrx_word' id='word_1_25' title='bbox 701 621 923 672; x_wconf 85' lang='lat' dir='ltr'><strong>praecepta</strong></span> <span class='ocrx_word' id='word_1_26' title='bbox 954 615 1007 657; x_wconf 85' lang='lat' dir='ltr'><strong>ad</strong></span> <span class='ocrx_word' id='word_1_27' title='bbox 1043 615 1260 663; x_wconf 83' lang='lat' dir='ltr'><strong>sanitatem</strong></span> <span class='ocrx_word' id='word_1_28' title='bbox 1287 622 1380 661; x_wconf 88' lang='lat' dir='ltr'><strong>s&#39;er-</strong></span> 
     </span>
     <span class='ocr_line' id='line_1_6' title="bbox 276 690 1381 748; baseline 0.002 -12"><span class='ocrx_word' id='word_1_29' title='bbox 276 691 452 736; x_wconf 86' lang='lat' dir='ltr'><strong>vandam</strong></span> <span class='ocrx_word' id='word_1_30' title='bbox 494 697 535 734; x_wconf 91' lang='lat' dir='ltr'><strong>et</strong></span> <span class='ocrx_word' id='word_1_31' title='bbox 570 705 594 733; x_wconf 87' lang='lat' dir='ltr'><strong>a</strong></span> <span class='ocrx_word' id='word_1_32' title='bbox 627 690 844 748; x_wconf 89' lang='lat' dir='ltr'><strong>periculis,</strong></span> <span class='ocrx_word' id='word_1_33' title='bbox 870 691 1021 748; x_wconf 90' lang='lat' dir='ltr'><strong>quibus</strong></span> <span class='ocrx_word' id='word_1_34' title='bbox 1050 692 1106 735; x_wconf 92' lang='lat' dir='ltr'><strong>ob</strong></span> <span class='ocrx_word' id='word_1_35' title='bbox 1139 693 1307 739; x_wconf 84' lang='lat' dir='ltr'><strong>labores</strong></span> <span class='ocrx_word' id='word_1_36' title='bbox 1339 701 1381 738; x_wconf 88' lang='lat' dir='ltr'><strong>et</strong></span> 
     </span>
     <span class='ocr_line' id='line_1_7' title="bbox 274 766 1379 827; baseline 0 -14"><span class='ocrx_word' id='word_1_37' title='bbox 274 768 455 826; x_wconf 66' lang='lat' dir='ltr'><strong>vigilias,</strong></span> <span class='ocrx_word' id='word_1_38' title='bbox 486 766 663 811; x_wconf 90' lang='lat' dir='ltr'><strong>hiberno</strong></span> <span class='ocrx_word' id='word_1_39' title='bbox 691 767 896 826; x_wconf 87' lang='lat' dir='ltr'>imprimis</span> <span class='ocrx_word' id='word_1_40' title='bbox 929 775 1119 827; x_wconf 90' lang='lat' dir='ltr'><strong>tempore</strong></span> <span class='ocrx_word' id='word_1_41' title='bbox 1135 800 1147 823; x_wconf 90' lang='lat'><strong><em>,</em></strong></span> <span class='ocrx_word' id='word_1_42' title='bbox 1187 769 1379 814; x_wconf 88' lang='lat' dir='ltr'><strong>militaris</strong></span> 
     </span>
     <span class='ocr_line' id='line_1_8' title="bbox 273 843 1380 899; baseline 0.001 -10"><span class='ocrx_word' id='word_1_43' title='bbox 273 845 378 890; x_wconf 84' lang='lat' dir='ltr'><strong>vitae</strong></span> <span class='ocrx_word' id='word_1_44' title='bbox 408 844 514 888; x_wconf 85' lang='lat' dir='ltr'><strong>ratio</strong></span> <span class='ocrx_word' id='word_1_45' title='bbox 541 843 767 887; x_wconf 84' lang='lat' dir='ltr'>admodum</span> <span class='ocrx_word' id='word_1_46' title='bbox 803 852 864 889; x_wconf 87' lang='lat' dir='ltr'><strong>est</strong></span> <span class='ocrx_word' id='word_1_47' title='bbox 899 845 1108 899; x_wconf 82' lang='lat' dir='ltr'><strong>obnoxia,</strong></span> <span class='ocrx_word' id='word_1_48' title='bbox 1149 846 1380 891; x_wconf 84' lang='lat' dir='ltr'><strong>defenden-</strong></span> 
     </span>
     <span class='ocr_line' id='line_1_9' title="bbox 272 920 1379 981; baseline 0.003 -17"><span class='ocrx_word' id='word_1_49' title='bbox 272 921 391 974; x_wconf 85' lang='lat' dir='ltr'><strong>dam,</strong></span> <span class='ocrx_word' id='word_1_50' title='bbox 418 920 574 978; x_wconf 86' lang='lat' dir='ltr'><strong>scripto</strong></span> <span class='ocrx_word' id='word_1_51' title='bbox 592 920 1023 979; x_wconf 87' lang='lat' dir='ltr'><strong>comprehenderent,</strong></span> <span class='ocrx_word' id='word_1_52' title='bbox 1057 922 1168 981; x_wconf 85' lang='lat' dir='ltr'><strong>typis</strong></span> <span class='ocrx_word' id='word_1_53' title='bbox 1197 923 1379 967; x_wconf 83' lang='lat' dir='ltr'><strong>manda-</strong></span> 
     </span>
     <span class='ocr_line' id='line_1_10' title="bbox 269 995 1379 1054; baseline 0.003 -13"><span class='ocrx_word' id='word_1_54' title='bbox 269 1003 362 1041; x_wconf 88' lang='lat' dir='ltr'><strong>rent</strong></span> <span class='ocrx_word' id='word_1_55' title='bbox 393 1003 432 1040; x_wconf 87' lang='lat' dir='ltr'><strong>et</strong></span> <span class='ocrx_word' id='word_1_56' title='bbox 468 995 634 1040; x_wconf 84' lang='lat' dir='ltr'><strong>cohorti</strong></span> <span class='ocrx_word' id='word_1_57' title='bbox 665 996 855 1040; x_wconf 81' lang='lat' dir='ltr'><strong>distribui</strong></span> <span class='ocrx_word' id='word_1_58' title='bbox 895 1005 1113 1054; x_wconf 83' lang='lat' dir='ltr'><strong>curarent3</strong></span> <span class='ocrx_word' id='word_1_59' title='bbox 1158 999 1223 1043; x_wconf 92' lang='lat' dir='ltr'><strong>cui</strong></span> <span class='ocrx_word' id='word_1_60' title='bbox 1263 999 1379 1044; x_wconf 88' lang='lat' dir='ltr'><strong>desi-</strong></span> 
     </span>
     <span class='ocr_line' id='line_1_11' title="bbox 270 1073 1379 1133; baseline 0.003 -15"><span class='ocrx_word' id='word_1_61' title='bbox 270 1073 385 1118; x_wconf 89' lang='lat' dir='ltr'><strong>derio</strong></span> <span class='ocrx_word' id='word_1_62' title='bbox 413 1073 600 1117; x_wconf 84' lang='lat' dir='ltr'><strong>lubentes</strong></span> <span class='ocrx_word' id='word_1_63' title='bbox 628 1073 687 1116; x_wconf 92' lang='lat' dir='ltr'><strong>illi</strong></span> <span class='ocrx_word' id='word_1_64' title='bbox 715 1088 875 1118; x_wconf 89' lang='lat' dir='ltr'><strong>morem</strong></span> <span class='ocrx_word' id='word_1_65' title='bbox 898 1082 1124 1132; x_wconf 84' lang='lat' dir='ltr'><strong>gesserunt.</strong></span> <span class='ocrx_word' id='word_1_66' title='bbox 1182 1076 1269 1122; x_wconf 86' lang='lat' dir='ltr'><strong>Pro</strong></span> <span class='ocrx_word' id='word_1_67' title='bbox 1295 1091 1379 1133; x_wconf 87' lang='lat' dir='ltr'><strong>qua</strong></span> 
     </span>
     <span class='ocr_line' id='line_1_12' title="bbox 267 1149 1376 1210; baseline 0 -15"><span class='ocrx_word' id='word_1_68' title='bbox 267 1150 454 1210; x_wconf 90' lang='lat' dir='ltr'><strong>ipsorum</strong></span> <span class='ocrx_word' id='word_1_69' title='bbox 472 1149 726 1195; x_wconf 85' lang='lat' dir='ltr'><strong>humanitate</strong></span> <span class='ocrx_word' id='word_1_70' title='bbox 747 1158 787 1195; x_wconf 84' lang='lat' dir='ltr'><strong>et</strong></span> <span class='ocrx_word' id='word_1_71' title='bbox 809 1151 972 1196; x_wconf 87' lang='lat' dir='ltr'><strong>sincera</strong></span> <span class='ocrx_word' id='word_1_72' title='bbox 991 1152 1035 1195; x_wconf 92' lang='lat' dir='ltr'><strong>in</strong></span> <span class='ocrx_word' id='word_1_73' title='bbox 1059 1152 1226 1209; x_wconf 79' lang='lat' dir='ltr'><strong>juvenes</strong></span> <span class='ocrx_word' id='word_1_74' title='bbox 1252 1166 1376 1206; x_wconf 89' lang='lat' dir='ltr'><strong>cura,</strong></span> 
     </span>
     <span class='ocr_line' id='line_1_13' title="bbox 265 1226 1378 1287; baseline 0.001 -16"><span class='ocrx_word' id='word_1_75' title='bbox 265 1234 315 1272; x_wconf 77' lang='lat' dir='ltr'><strong>¹ut</strong></span> <span class='ocrx_word' id='word_1_76' title='bbox 337 1226 385 1271; x_wconf 90' lang='lat' dir='ltr'><strong>iis</strong></span> <span class='ocrx_word' id='word_1_77' title='bbox 413 1228 494 1284; x_wconf 86' lang='lat' dir='ltr'><strong>jam</strong></span> <span class='ocrx_word' id='word_1_78' title='bbox 523 1234 643 1272; x_wconf 84' lang='lat' dir='ltr'><strong>antea</strong></span> <span class='ocrx_word' id='word_1_79' title='bbox 668 1227 712 1270; x_wconf 89' lang='lat' dir='ltr'><strong>in</strong></span> <span class='ocrx_word' id='word_1_80' title='bbox 739 1227 896 1272; x_wconf 86' lang='lat' dir='ltr'><strong>Senatu</strong></span> <span class='ocrx_word' id='word_1_81' title='bbox 918 1229 1074 1287; x_wconf 82' lang='lat' dir='ltr'><strong>gratiae</strong></span> <span class='ocrx_word' id='word_1_82' title='bbox 1100 1229 1265 1273; x_wconf 87' lang='lat' dir='ltr'><strong>fuerunt</strong></span> <span class='ocrx_word' id='word_1_83' title='bbox 1280 1228 1378 1272; x_wconf 85' lang='lat' dir='ltr'><strong>dic-</strong></span> 
     </span>
     <span class='ocr_line' id='line_1_14' title="bbox 262 1304 1376 1364; baseline 0 -15"><span class='ocrx_word' id='word_1_84' title='bbox 262 1311 337 1350; x_wconf 72' lang='lat' dir='ltr'><strong>tae</strong></span> <span class='ocrx_word' id='word_1_85' title='bbox 353 1335 365 1358; x_wconf 83' lang='lat'><strong><em>&gt;</em></strong></span> <span class='ocrx_word' id='word_1_86' title='bbox 404 1304 462 1348; x_wconf 89' lang='lat' dir='ltr'><strong>sic</strong></span> <span class='ocrx_word' id='word_1_87' title='bbox 492 1304 613 1348; x_wconf 89' lang='lat' dir='ltr'><strong>etiam</strong></span> <span class='ocrx_word' id='word_1_88' title='bbox 639 1304 715 1348; x_wconf 87' lang='lat' dir='ltr'><strong>has</strong></span> <span class='ocrx_word' id='word_1_89' title='bbox 738 1305 878 1363; x_wconf 89' lang='lat' dir='ltr'><strong>palam</strong></span> <span class='ocrx_word' id='word_1_90' title='bbox 916 1320 1037 1364; x_wconf 84' lang='lat' dir='ltr'><strong>agere</strong></span> <span class='ocrx_word' id='word_1_91' title='bbox 1053 1337 1066 1359; x_wconf 83' lang='lat'>,</span> <span class='ocrx_word' id='word_1_92' title='bbox 1097 1304 1200 1349; x_wconf 88' lang='lat' dir='ltr'><strong>mihi</strong></span> <span class='ocrx_word' id='word_1_93' title='bbox 1223 1305 1376 1363; x_wconf 85' lang='lat' dir='ltr'><strong>gratis-</strong></span> 
     </span>
     <span class='ocr_line' id='line_1_15' title="bbox 264 1380 776 1435; baseline 0.004 -11"><span class='ocrx_word' id='word_1_94' title='bbox 264 1380 416 1435; x_wconf 57' lang='lat' dir='ltr'><strong>ssimum</strong></span> <span class='ocrx_word' id='word_1_95' title='bbox 445 1381 552 1425; x_wconf 94' lang='lat' dir='ltr'><strong>duco</strong></span> <span class='ocrx_word' id='word_1_96' title='bbox 579 1381 776 1427; x_wconf 88' lang='lat' dir='ltr'><strong>officium.</strong></span> 
     </span>
    </p>

    <p class='ocr_par' dir='ltr' id='par_1_4' title="bbox 257 1457 1377 2053">
     <span class='ocr_line' id='line_1_16' title="bbox 326 1457 1374 1515; baseline 0.003 -14"><span class='ocrx_word' id='word_1_97' title='bbox 326 1457 600 1512; x_wconf 80' lang='lat' dir='ltr'><strong>Invitarentur</strong></span> <span class='ocrx_word' id='word_1_98' title='bbox 631 1472 800 1515; x_wconf 91' lang='lat' dir='ltr'><strong>quoque</strong></span> <span class='ocrx_word' id='word_1_99' title='bbox 846 1458 1071 1503; x_wconf 86' lang='lat' dir='ltr'><strong>Curatores</strong></span> <span class='ocrx_word' id='word_1_100' title='bbox 1096 1459 1374 1513; x_wconf 77' lang='lat' dir='ltr'><strong>Academiae,</strong></span> 
     </span>
     <span class='ocr_line' id='line_1_17' title="bbox 269 1534 1375 1594; baseline 0.002 -16"><span class='ocrx_word' id='word_1_101' title='bbox 269 1535 505 1580; x_wconf 84' lang='lat' dir='ltr'><strong>Praefectus</strong></span> <span class='ocrx_word' id='word_1_102' title='bbox 530 1534 790 1594; x_wconf 86' lang='lat' dir='ltr'><strong>provinciae,</strong></span> <span class='ocrx_word' id='word_1_103' title='bbox 806 1534 942 1593; x_wconf 86' lang='lat' dir='ltr'><strong>primi</strong></span> <span class='ocrx_word' id='word_1_104' title='bbox 965 1534 1080 1579; x_wconf 89' lang='lat' dir='ltr'><strong>urbis</strong></span> <span class='ocrx_word' id='word_1_105' title='bbox 1110 1535 1375 1593; x_wconf 82' lang='lat' dir='ltr'><strong>magistratus</strong></span> 
     </span>
     <span class='ocr_line' id='line_1_18' title="bbox 271 1610 1377 1670; baseline 0.002 -16"><span class='ocrx_word' id='word_1_106' title='bbox 271 1618 311 1654; x_wconf 86' lang='lat' dir='ltr'><strong>et</strong></span> <span class='ocrx_word' id='word_1_107' title='bbox 341 1612 411 1668; x_wconf 87' lang='lat' dir='ltr'><strong>qui</strong></span> <span class='ocrx_word' id='word_1_108' title='bbox 437 1624 611 1670; x_wconf 80' lang='lat' dir='ltr'><strong>magnae</strong></span> <span class='ocrx_word' id='word_1_109' title='bbox 642 1611 827 1656; x_wconf 88' lang='lat' dir='ltr'><strong>diocoesi</strong></span> <span class='ocrx_word' id='word_1_110' title='bbox 857 1610 1024 1655; x_wconf 90' lang='lat' dir='ltr'><strong>militari</strong></span> <span class='ocrx_word' id='word_1_111' title='bbox 1061 1619 1252 1670; x_wconf 86' lang='lat' dir='ltr'><strong>praeest,</strong></span> <span class='ocrx_word' id='word_1_112' title='bbox 1286 1612 1377 1657; x_wconf 87' lang='lat' dir='ltr'><strong>Viri</strong></span> 
     </span>
     <span class='ocr_line' id='line_1_19' title="bbox 270 1688 1377 1748; baseline 0.004 -18"><span class='ocrx_word' id='word_1_113' title='bbox 270 1688 542 1743; x_wconf 82' lang='lat' dir='ltr'><strong>nobilissimi,</strong></span> <span class='ocrx_word' id='word_1_114' title='bbox 589 1689 856 1748; x_wconf 86' lang='lat' dir='ltr'><strong>amplissimi,</strong></span> <span class='ocrx_word' id='word_1_115' title='bbox 898 1695 943 1732; x_wconf 90' lang='lat' dir='ltr'><strong>ut</strong></span> <span class='ocrx_word' id='word_1_116' title='bbox 984 1689 1132 1732; x_wconf 89' lang='lat' dir='ltr'><strong>vellent</strong></span> <span class='ocrx_word' id='word_1_117' title='bbox 1177 1688 1377 1734; x_wconf 85' lang='lat' dir='ltr'><strong>interesse</strong></span> 
     </span>
     <span class='ocr_line' id='line_1_20' title="bbox 267 1765 1374 1823; baseline 0.001 -15"><span class='ocrx_word' id='word_1_118' title='bbox 267 1766 530 1820; x_wconf 81' lang='lat' dir='ltr'><strong>solennitati,</strong></span> <span class='ocrx_word' id='word_1_119' title='bbox 566 1766 623 1810; x_wconf 93' lang='lat' dir='ltr'><strong>ob</strong></span> <span class='ocrx_word' id='word_1_120' title='bbox 661 1773 725 1812; x_wconf 88' lang='lat' dir='ltr'><strong>tot</strong></span> <span class='ocrx_word' id='word_1_121' title='bbox 761 1766 953 1823; x_wconf 83' lang='lat' dir='ltr'><strong>juvenum</strong></span> <span class='ocrx_word' id='word_1_122' title='bbox 983 1765 1113 1809; x_wconf 89' lang='lat' dir='ltr'><strong>literis</strong></span> <span class='ocrx_word' id='word_1_123' title='bbox 1145 1766 1374 1818; x_wconf 83' lang='lat' dir='ltr'><strong>cultorum,</strong></span> 
     </span>
     <span class='ocr_line' id='line_1_21' title="bbox 257 1842 1376 1900; baseline 0.001 -14"><span class='ocrx_word' id='word_1_124' title='bbox 257 1843 325 1886; x_wconf 70' lang='lat' dir='ltr'><strong>ad</strong></span> <span class='ocrx_word' id='word_1_125' title='bbox 351 1843 502 1887; x_wconf 86' lang='lat' dir='ltr'><strong>bellum</strong></span> <span class='ocrx_word' id='word_1_126' title='bbox 529 1844 742 1888; x_wconf 85' lang='lat' dir='ltr'><strong>decessum</strong></span> <span class='ocrx_word' id='word_1_127' title='bbox 770 1842 1053 1895; x_wconf 85' lang='lat' dir='ltr'><strong>tristissimae,</strong></span> <span class='ocrx_word' id='word_1_128' title='bbox 1097 1842 1155 1886; x_wconf 92' lang='lat' dir='ltr'><strong>ob</strong></span> <span class='ocrx_word' id='word_1_129' title='bbox 1181 1856 1376 1900; x_wconf 82' lang='lat' dir='ltr'><strong>magnam</strong></span> 
     </span>
     <span class='ocr_line' id='line_1_22' title="bbox 269 1918 1375 1980; baseline 0.001 -17"><span class='ocrx_word' id='word_1_130' title='bbox 269 1934 411 1964; x_wconf 82' lang='lat' dir='ltr'><strong>eorum</strong></span> <span class='ocrx_word' id='word_1_131' title='bbox 438 1920 646 1975; x_wconf 86' lang='lat' dir='ltr'><strong>virtutem,</strong></span> <span class='ocrx_word' id='word_1_132' title='bbox 684 1920 927 1980; x_wconf 85' lang='lat' dir='ltr'><strong>patriaeque</strong></span> <span class='ocrx_word' id='word_1_133' title='bbox 961 1926 1001 1964; x_wconf 86' lang='lat' dir='ltr'><strong>et</strong></span> <span class='ocrx_word' id='word_1_134' title='bbox 1031 1918 1160 1977; x_wconf 84' lang='lat' dir='ltr'><strong>Regis</strong></span> <span class='ocrx_word' id='word_1_135' title='bbox 1190 1933 1375 1980; x_wconf 80' lang='lat' dir='ltr'><strong>amorem</strong></span> 
     </span>
     <span class='ocr_line' id='line_1_23' title="bbox 268 1995 1271 2053; baseline 0.003 -14"><span class='ocrx_word' id='word_1_136' title='bbox 268 1995 428 2053; x_wconf 82' lang='lat' dir='ltr'><strong>insigni.</strong></span> <span class='ocrx_word' id='word_1_137' title='bbox 1268 2008 1271 2009; x_wconf 70' lang='grc'>’</span> 
     </span>
    </p>

    <p class='ocr_par' dir='ltr' id='par_1_5' title="bbox 272 2071 1376 2193">
     <span class='ocr_line' id='line_1_24' title="bbox 327 2071 1376 2127; baseline 0.001 -12"><span class='ocrx_word' id='word_1_138' title='bbox 327 2073 489 2116; x_wconf 85' lang='lat' dir='ltr'><strong>Invitati</strong></span> <span class='ocrx_word' id='word_1_139' title='bbox 513 2073 596 2127; x_wconf 89' lang='lat' dir='ltr'><strong>illi,</strong></span> <span class='ocrx_word' id='word_1_140' title='bbox 620 2074 810 2118; x_wconf 90' lang='lat' dir='ltr'><strong>lubenter</strong></span> <span class='ocrx_word' id='word_1_141' title='bbox 833 2088 923 2118; x_wconf 91' lang='lat' dir='ltr'><strong>sese</strong></span> <span class='ocrx_word' id='word_1_142' title='bbox 950 2072 988 2117; x_wconf 90' lang='lat' dir='ltr'><strong>ei</strong></span> <span class='ocrx_word' id='word_1_143' title='bbox 1012 2073 1285 2117; x_wconf 87' lang='lat' dir='ltr'><strong>interfuturos</strong></span> <span class='ocrx_word' id='word_1_144' title='bbox 1304 2071 1376 2116; x_wconf 91' lang='lat' dir='ltr'><strong>in-</strong></span> 
     </span>
     <span class='ocr_line' id='line_1_25' title="bbox 272 2147 474 2193; baseline 0.01 -3"><span class='ocrx_word' id='word_1_145' title='bbox 272 2147 474 2193; x_wconf 81' lang='lat' dir='ltr'><strong>dicarunt.</strong></span> 
     </span>
    </p>

    <p class='ocr_par' dir='ltr' id='par_1_6' title="bbox 330 2223 1377 2286">
     <span class='ocr_line' id='line_1_26' title="bbox 330 2223 1377 2286; baseline 0.003 -18"><span class='ocrx_word' id='word_1_146' title='bbox 330 2223 458 2282; x_wconf 81' lang='lat' dir='ltr'><strong>Igitur</strong></span> <span class='ocrx_word' id='word_1_147' title='bbox 487 2225 551 2269; x_wconf 89' lang='lat' dir='ltr'><strong>die</strong></span> <span class='ocrx_word' id='word_1_148' title='bbox 588 2231 639 2269; x_wconf 89' lang='lat'><strong>10</strong></span> <span class='ocrx_word' id='word_1_149' title='bbox 661 2242 716 2270; x_wconf 89' lang='lat' dir='ltr'><strong>m.</strong></span> <span class='ocrx_word' id='word_1_150' title='bbox 747 2227 1018 2281; x_wconf 89' lang='lat' dir='ltr'><strong>Novembris,</strong></span> <span class='ocrx_word' id='word_1_151' title='bbox 1055 2226 1162 2271; x_wconf 89' lang='lat' dir='ltr'><strong>hora</strong></span> <span class='ocrx_word' id='word_1_152' title='bbox 1187 2225 1377 2286; x_wconf 87' lang='lat' dir='ltr'><strong>pomeri-</strong></span> 
     </span>
    </p>
   </div>
   <div class='ocr_carea' id='block_1_3' title="bbox 274 2299 1378 2425">
    <p class='ocr_par' dir='ltr' id='par_1_7' title="bbox 274 2299 1378 2425">
     <span class='ocr_line' id='line_1_27' title="bbox 274 2299 1376 2361; baseline 0.004 -17"><span class='ocrx_word' id='word_1_153' title='bbox 274 2299 396 2345; x_wconf 79' lang='lat' dir='ltr'><strong>diana</strong></span> <span class='ocrx_word' id='word_1_154' title='bbox 443 2302 603 2360; x_wconf 87' lang='lat' dir='ltr'><strong>prima,</strong></span> <span class='ocrx_word' id='word_1_155' title='bbox 662 2304 950 2361; x_wconf 84' lang='lat' dir='ltr'><strong>praesentibus</strong></span> <span class='ocrx_word' id='word_1_156' title='bbox 1006 2304 1280 2350; x_wconf 70' lang='lat' dir='ltr'><strong>(juratoribus</strong></span> <span class='ocrx_word' id='word_1_157' title='bbox 1335 2311 1376 2349; x_wconf 84' lang='lat' dir='ltr'><strong>et</strong></span> 
     </span>
     <span class='ocr_line' id='line_1_28' title="bbox 1295 2379 1378 2425; baseline 0.012 -1"><span class='ocrx_word' id='word_1_158' title='bbox 1295 2379 1378 2425; x_wconf 87' lang='lat' dir='ltr'><strong>Se-</strong></span> 
     </span>
    </p>
   </div>
  </div>
 </body>
</html>
