1487 2850
310 177 380 224 119
524 164 1199 209 COMMENTATIO

300 272 450 313 strictae
473 273 576 321 sint,
602 274 783 323 imprimis
813 286 896 322 eas,
925 286 1020 323 quae
1043 287 1120 315 non
1143 276 1219 315 nisi
1243 288 1325 315 raro
1353 278 1411 317 in-

301 342 409 391 stitui
447 343 623 390 possint,
658 343 941 391 haudquaquam
968 355 1052 383 esse
1085 347 1285 385 censendas
1317 356 1409 387 tam-

302 424 410 460 quam
446 412 671 460 methodos,
711 412 850 460 quibus
888 413 976 451 mari
1013 415 1208 463 longitudo
1251 417 1408 458 inveniri

303 489 437 528 queat:
492 489 529 519 et
567 483 678 519 simul
709 494 786 530 quo
820 483 1014 531 angustius
1038 492 1102 521 aut
1126 485 1332 524 restrictius
1359 487 1410 525 sit

297 559 446 599 tempus
487 551 576 589 huic
615 553 792 590 methodo
835 554 1066 601 usurpandae
1115 555 1316 603 idoneum,
1363 568 1408 594 eo

296 621 421 660 minus
454 633 531 660 eam
561 622 634 660 hoc
671 621 823 660 nomine
857 623 1000 661 mereri.
1083 624 1271 662 Methodo
1311 625 1409 663 enim

295 691 434 736 marina
488 691 657 741 intelligo
716 693 853 740 talem,
915 704 988 740 qua
1048 702 1159 731 nauta
1179 721 1192 740 ‚
1259 694 1411 733 simulac

293 760 474 808 placuerit
495 789 509 809 ‚
561 761 667 800 navis
718 762 989 811 longitudinem
1041 762 1212 802 invenire
1267 764 1410 813 possit.

292 829 467 869 Profecto
502 831 600 869 enim
632 832 665 868 si
692 831 931 880 intelligerem
970 843 1113 870 omnem
1157 833 1404 881 methodum,

293 910 367 953 qua
402 900 528 948 possit
563 901 762 949 aliquando
802 901 997 950 longitudo
1033 902 1215 950 inveniri,
1258 914 1330 940 una
1363 902 1404 941 in

291 969 422 1018 paucis
452 970 594 1018 optima
623 971 843 1009 aestimanda
873 971 971 1010 foret
1004 973 1181 1009 transitus
1212 970 1400 1020 Veneris,

294 1051 371 1088 quo
411 1040 554 1079 scilicet
585 1041 816 1080 exactissime
854 1041 911 1079 bis
938 1054 1004 1090 per
1037 1042 1204 1080 seculum
1243 1042 1403 1080 inveniri

291 1109 491 1158 longitudo
510 1111 646 1159 queat!
675 1111 749 1149 Sed
773 1111 860 1149 haec
884 1110 1035 1150 ridicula
1061 1120 1149 1149 sunt
1174 1120 1286 1160 atque
1307 1112 1404 1161 jeju·

291 1189 353 1217 na.
418 1180 524 1217 Istud
562 1180 677 1227 igitur
707 1180 887 1229 imprimis
925 1181 1059 1218 summi
1097 1180 1207 1228 pretii
1251 1191 1403 1219 censen-

290 1247 379 1287 dum
405 1258 485 1297 est,
513 1248 727 1287 methodum
763 1250 921 1296 aliquam
948 1249 1117 1297 quolibet
1153 1258 1322 1297 tempore
1347 1249 1404 1287 in-

289 1317 397 1356 stitui
423 1330 564 1367 posse,
591 1330 714 1367 neque
743 1320 869 1357 talium
911 1319 1020 1357 inniti
1058 1320 1401 1367 phaenomenorum

291 1386 575 1437 observatione,
610 1401 702 1437 quae
734 1399 811 1426 non
836 1387 912 1426 nisi
941 1399 1024 1427 raro
1058 1388 1239 1427 accidant.

781 1527 895 1575 §5·

741 1667 944 1707 Conclusio.

338 1808 510 1857 Quatuor
534 1808 658 1856 itaque
673 1807 793 1857 capita
812 1809 1106 1847 enumeravimus
1120 1837 1134 1856 ‚
1150 1808 1289 1858 quibus
1307 1819 1397 1847 nau-

285 1884 342 1914 tae
369 1876 534 1914 conditio
563 1877 747 1924 discrepet
776 1888 796 1914 a
824 1877 1041 1915 conditione
1075 1878 1138 1916 fixi
1178 1877 1396 1916 observato·

282 1945 358 1984 ris:
390 1957 483 1992 quae
498 1946 558 1992 ‚si
584 1946 763 1984 rationem
776 1947 959 1985 subducas
975 1975 988 1994 ,
1017 1947 1179 1986 indicant
1195 1973 1209 1994 ,
1233 1948 1394 1996 primum

281 2015 530 2064 longitudinis
555 2015 896 2054 determinationem
922 2029 967 2055 ex
985 2017 1066 2066 ipsa
1089 2018 1141 2056 rei
1161 2026 1291 2056 natura
1306 2018 1396 2056 mari

281 2084 457 2124 universe
479 2084 601 2133 rigore
628 2085 739 2132 longe
772 2084 980 2124 inferIorem
1007 2098 1088 2125 esse
1121 2099 1229 2136 quam
1266 2095 1391 2135 terra3

283 2161 362 2192 tum
409 2165 582 2203 magnum
626 2156 887 2193 methodorum
927 2167 1118 2194 numerum
1153 2165 1246 2194 terra
1288 2155 1394 2194 valde

283 2222 432 2272 utilium
463 2234 485 2263 a
517 2223 642 2264 nautis
679 2234 743 2263 aut
780 2225 932 2264 omnino
958 2226 1102 2264 institui
1138 2236 1215 2264 non
1251 2237 1394 2275 posse,

1330 2303 1396 2334 aut
