1487 2850
438 179 955 224 L1TERAR1A.
1216 197 1264 236 23

623 292 660 340 ς.
713 291 780 329 111.

193 411 367 451 Historia
392 411 553 450 militum
584 412 924 452 Praetorianorum
958 422 1036 464 post
1058 422 1212 453 mortem

363 480 532 532 Augusti
560 494 673 533 usque
697 481 751 520 ad
773 482 1020 522 Commodum.
1255 473 1259 477 ²

191 601 253 641 Ab
267 602 339 642 ΑΟ.
359 605 550 652 14—180.
563 615 605 652 p.
621 605 670 644 C.
685 614 724 642 n.
739 631 752 651 ,
764 604 834 642 A0.
850 580 1069 666 &68÷934.
1082 605 1136 644 U.
1149 606 1201 646 C.

190 723 285 762 Post
301 731 454 762 mortem
471 723 636 774 Augusti
661 724 820 762 militum
843 725 1164 764 Praetoriauorum
1195 739 1266 776 po-

138 793 255 832 tentia
262 795 336 844 jam
352 794 479 833 sensim
505 788 759 843 paulatimque
777 806 943 834 crescere
968 796 1095 845 coepit
1112 824 1125 844 ‚
1140 807 1263 845 eoque

141 863 257 911 magis
302 872 408 902 aucta
444 873 500 902 est
536 873 572 902 et
607 863 793 912 stabilita,
835 877 912 913 quo
952 866 1069 915 magis
1109 867 1260 905 libertas

141 942 256 982 atque
289 934 453 981 reipubl.
480 933 600 971 forma
631 944 878 972 evanuerunt.
952 937 1051 974 Nam
1087 935 1263 984 profecto

142 1015 221 1052 quo
257 1004 382 1042 minor
421 1003 496 1042 fuit
536 1003 671 1053 populi
717 1004 877 1043 Romani
919 1005 1078 1054 dignitas
1110 1014 1149 1045 et
1185 1018 1262 1054 quo

141 1072 258 1110 fracta
293 1081 352 1111 est
386 1073 501 1123 magis
540 1074 721 1120 libertas,
773 1085 820 1113 eo
861 1076 978 1124 major
1014 1074 1158 1124 semper
1190 1072 1265 1114 fuit

139 1141 343 1182 auctoritas
369 1143 544 1181 militum.
591 1143 770 1182 Tiberius
794 1143 960 1191 Caesar,
990 1145 1057 1192 qui
1081 1145 1260 1193 Augusto

139 1209 334 1258 successit,
364 1211 546 1260 imprimis
584 1223 631 1250 eo
672 1212 886 1261 dignitatem
922 1214 1059 1263 populi
1099 1214 1262 1252 Romani

140 1281 337 1329 diminuit,
368 1282 471 1329 quod
499 1282 657 1321 ‘comitia
682 1284 875 1322 transtulit
908 1284 954 1322 ad
992 1285 1197 1333 Senatum,
1225 1294 1263 1323 et

139 1350 322 1400 suffragiis
365 1352 551 1400 populum
597 1352 803 1392 interdixit.
863 1380 887 1401 ,‚
923 1353 1024 1392 Tum
1069 1355 1260 1403 primum3

140 1449 166 1472 „
189 1421 243 1460 ait
276 1421 501 1460 Tacitus
529 1414 623 1471 (ι),
660 1433 681 1460 e
706 1423 855 1472 Campo
877 1424 1029 1462 comitia
1051 1425 1096 1463 ad
1121 1425 1253 1463 Patres·

140 1521 166 1542 „
190 1493 365 1531 translata
391 1499 494 1530 sunt.
512 1491 536 1509 '⁹
588 1492 709 1531 Valde
739 1504 760 1531 e
789 1493 980 1533 contrario
1005 1487 1263 1533 Praetoriano‘-

137 1573 222 1602 rum
269 1562 438 1611 potentia
472 1562 538 1601 sub
585 1560 743 1600 Tiberio
785 1572 892 1601 aucta
941 1571 1026 1611 est,
1079 1565 1259 1611 quoniam

140 1641 222 1671 tum
263 1643 385 1681 prope
423 1632 555 1670 urbem
596 1630 636 1669 in
669 1630 795 1670 castra⁴
827 1632 981 1671 collecti
1016 1640 1134 1680 sunt,
1171 1645 1263 1672 auc--

139 1711 224 1741 tore
258 1702 309 1742 L.
351 1702 463 1741 Aelio
496 1702 647 1750 Sejano.
710 1702 896 1751 Sejanus,
938 1702 1014 1752 Seji
1058 1703 1256 1745 Strabonis

139 1773 268 1820 filius,
315 1772 456 1810 amicus
495 1770 672 1818 Tiberii,
724 1782 793 1820 per
828 1771 983 1819 aliquod
1011 1779 1161 1822 tempus
1189 1784 1263 1816 una

137 1854 225 1881 cum
262 1849 367 1891 patre
399 1840 581 1879 militibus
624 1841 870 1880 Praetorianis
907 1842 1144 1892 praefuerat3
1197 1843 1261 1884 sed

139 1923 258 1961 quum
286 1919 391 1960 pater
426 1910 640 1961 praefectus
677 1911 717 1949 in
748 1912 969 1962 Aegyptum
1001 1912 1134 1952 missus
1163 1913 1260 1952 esset

138 1993 161 2020 a
187 1980 375 2028 Tiberio,
411 1981 512 2020 solus
547 1981 593 2019 iis
619 1980 798 2030 praefuit.
847 2010 880 2031 ,‚
910 1984 1094 2033 Sejanus,
1135 1984 1261 2033 inquit

139 2050 370 2093 Tacitus
389 2049 489 2101 (2),
514 2051 590 2090 vim
614 2050 895 2102 praefecturae,
919 2054 1102 2092 modicam
1122 2062 1256 2102 antea,

142 2166 144 2168 .
1140 2153 1175 2173 τ’
1202 2125 1258 2164 in‘

173 2196 231 2235 (ι)
248 2197 333 2226 Ann-
353 2197 376 2225 1.
398 2196 421 2236 1.
439 2204 470 2228 e.
485 2202 538 2245 ¹¹is.

175 2255 230 2293 (ι)
248 2255 330 2284 Aun-
348 2255 370 2283 Ι.
390 2254 443 2284 lv.
467 2262 495 2284 c.
518 2260 548 2284 2.
