1565 2865
294 219 385 249 XVI

292 378 394 404 rum
422 359 506 402 PH.
534 357 585 401 G.
615 369 717 399 VAN
742 351 1004 404 HEUSDE,
1035 351 1078 398 d.
1101 352 1248 408 lunae,
1279 368 1399 399 mar-

288 436 338 480 tis
355 468 367 488 ,
398 435 505 477 iovis
533 443 570 476 et
604 431 785 484 veneris,
818 430 860 473 h.
890 429 984 472 XII.

343 510 759 565 Encyclopaediam
784 509 1071 560 universam,
1102 520 1151 552 ex
1180 507 1400 567 principiis

287 586 453 629 ductam
483 582 773 642 philosophiae
802 581 1042 626 Platonicae
1060 615 1072 635 ‚
1103 583 1189 627 ΡΗ.
1209 584 1263 628 G.
1292 597 1398 629 vAN

284 660 543 714 HEUSDE,
595 659 738 703 diebus
783 657 981 703 mercurii
1021 666 1061 703 et
1096 659 1282 714 saturni,
1312 660 1399 704 ho-

287 753 335 782 ra
364 737 415 782 X.

339 817 602 858 Historiam
633 814 952 869 philosophiae
981 814 1278 866 recentioris,
1307 811 1394 856 ΡΗ.

286 892 337 935 G.
381 905 484 934 VAN
519 889 782 942 HEUSDE,
829 888 976 934 diebus
1019 888 1214 934 mercurii
1250 895 1292 934 et
1320 903 1395 933 sa·-

281 967 418 1020 turni,
449 967 554 1009 hora
586 966 658 1010 XI.

339 1047 601 1086 Historiam
626 1045 849 1095 Patriae,
878 1041 927 1085 A.
948 1040 1187 1095 SIMONS,
1213 1040 1255 1086 d.
1274 1054 1394 1085 mar-

287 1120 363 1174 tis,
394 1120 611 1172 mercurii,
639 1119 742 1163 iovis
771 1125 811 1162 et
837 1118 1020 1172 veneris,
1051 1118 1159 1162 hora
1176 1118 1293 1163 VIII.

340 1198 523 1239 Litteras
548 1199 763 1251 Belgicas
791 1203 835 1237 et
861 1197 1213 1252 Eloquentiam,
1243 1194 1294 1238 Α.
1313 1191 1396 1238 SI·-

285 1273 465 1326 MONS,
496 1273 536 1318 d.
561 1272 729 1325 marti3‚
760 1271 979 1325 mercurii,
1009 1271 1115 1317 iovis
1141 1278 1182 1315 et
1207 1270 1394 1324 veneris,

284 1349 390 1393 hora
418 1350 472 1394 ΙΙ.

341 1429 600 1482 Praecepta
627 1429 740 1482 styli
766 1428 871 1469 bene
901 1429 1038 1482 Belg.
1066 1425 1206 1469 tradet
1237 1424 1290 1469 A.
1313 1422 1394 1468 SI-

283 1502 468 1555 MONS,
510 1502 551 1548 d.
584 1503 754 1556 martis,
786 1503 894 1546 hora
929 1501 1021 1546 XII.
1056 1501 1279 1556 mercurii,
1309 1500 1398 1544 ho·
1464 1492 1467 1493 ⁷

282 1595 327 1622 ra
354 1579 425 1624 XI.
461 1580 589 1633 iovis,
621 1580 727 1623 hora
754 1580 826 1624 IV.
861 1586 901 1623 et
930 1578 1118 1633 veneris,
1151 1578 1259 1622 hora
1284 1576 1360 1621 XI.

338 1657 387 1698 A
391 1659 674 1714 estlpeticam,
701 1674 816 1714 qaae
830 1659 996 1713 poesin
1016 1664 1216 1712 spectat,
1245 1653 1298 1700 A.
1315 1652 1396 1698 SI-

283 1731 468 1784 MONS,
501 1732 540 1776 d.
570 1732 714 1777 martis
741 1740 781 1777 et
812 1732 1001 1786 veneris,
1032 1731 1140 1776 hora
1164 1731 1236 1776 IV.

341 1810 627 1863 Disputancli
665 1808 1027 1853 exercitationibus
1059 1821 1251 1852 sermone
1279 1806 1395 1864 Belg.

283 1883 485 1928 habendis
502 1916 514 1937 ‚
559 1886 765 1943 praeerit,
820 1885 986 1931 alternis
1032 1883 1395 1937 hebdomadibus,

284 1958 350 2001 die
380 1958 509 2011 iovis,
541 1959 646 2004 hora
668 1961 740 2006 IV.
773 1962 826 2007 A.
861 1960 1094 2007 SIMONS.

339 2038 629 2091 Disputandc‘
659 2037 1026 2083 exercitationibus
1048 2039 1300 2097 p1aeiirunt,
1330 2035 1399 2085 al-

282 2111 410 2155 ternis
438 2112 797 2167 hebdomadibus,
829 2114 896 2159 die
925 2114 1112 2169 saturni,
1142 2114 1251 2158 hora
1279 2113 1313 2158 Ι.
1331 2112 1398 2156 al-

285 2187 477 2230 ternatim
520 2189 603 2232 PH.
636 2189 687 2233 G.
719 2205 822 2236 vAN
849 2191 1088 2239 HEUSDE
1127 2198 1169 2238 et
1204 2190 1269 2237 A.
1289 2202 1394 2235 VAN

286 2263 670 2310 GOUDOEVER.
1343 2322 1364 2366 I
1422 2301 1427 2304 >

1365 2335 1393 2366 n
