1487 2850
450 187 834 242 0RAT10.
1135 187 1200 238 ‘27

431 565 879 583 “tw-—

123 824 128 827 “
162 815 276 858 Inter
306 812 557 858 Academiae
584 825 661 870 per
687 824 838 854 annum
855 809 1119 869 magistratus
1136 807 1218 852 mei

96 894 215 946 fata,
240 907 373 949 quae,
411 891 490 934 nisi
526 889 642 947 quies
686 888 856 946 publica
901 886 1219 931 vehementis-ei»

109 986 177 1015 me
204 971 248 1014 in
276 969 413 1014 multis
442 968 559 1025 regni
586 967 826 1024 regionibus
857 965 999 1009 fuisset
1025 964 1220 1016 turbata„

103 1062 162 1094 Lex
189 1046 403 1106 probabili
423 1045 662 1101 conjectura
686 1058 819 1102 pauca
849 1043 1094 1086 fuissenttet
1124 1040 1224 1086 satis

112 1123 276 1176 felicia,
311 1136 422 1166 nunc
451 1122 586 1166 tristia
623 1121 889 1180 reperiuntur
933 1127 972 1164 et
1012 1126 1224 1163 momento

115 1200 270 1258 gravia.
851 1189 855 1193 ⁴

178 1276 364 1322 Primum
380 1290 751 1320 commemoremus
766 1291 815 1320 ea
833 1290 960 1332 quae,
988 1274 1059 1332 qui
1075 1274 1231 1319 effluxit

119 1370 232 1401 anno
258 1354 534 1406 Academiae,
559 1353 801 1398 acciderunt
823 1352 975 1397 tristia.

177 1434 243 1478 Ex
271 1432 421 1477 civium
443 1439 685 1476 nostrorum
712 1445 887 1475 numero
911 1430 1059 1482 nobis,
1079 1442 1237 1488 paren-

121 1511 234 1556 tibus
258 1517 298 1554 et
326 1509 515 1569 cognatis
545 1517 680 1553 morte
710 1508 841 1567 erepti
872 1514 968 1551 sunt
996 1507 1079 1551 duo
1117 1506 1238 1562 juve-

106 1603 200 1632 ·nes
235 1586 584 1647 praestantissimi
602 1604 612 1641 3
640 1587 675 1630 B
693 1601 714 1629 e
729 1602 751 1628 r
765 1600 792 1628 n
806 1601 830 1629 a
844 1601 866 1628 r
882 1585 909 1627 d
921 1600 948 1627 u
964 1599 985 1628 s
1024 1584 1065 1628 R
1077 1598 1105 1626 u
1120 1590 1136 1625 t
1149 1598 1176 1640 g
1190 1597 1240 1626 e-

111 1680 222 1710 rus
274 1664 558 1709 Henricus
611 1677 714 1707 van
772 1661 1044 1707 Ketwich
1093 1660 1242 1706 Wil-

108 1743 158 1787 rb
171 1743 262 1786 rin
278 1743 328 1795 k,
354 1742 502 1785 Theol.
520 1740 777 1785 Candidatus
789 1772 800 1790 ‚
817 1740 889 1796 qui
900 1746 1033 1782 totum
1055 1753 1098 1782 se
1112 1737 1243 1781 literis

129 1827 170 1864 et
206 1818 474 1877 Theologicis
502 1817 729 1877 disciplinis
753 1818 1004 1869 tradiderat,
1035 1829 1245 1875 praecep-

130 1897 317 1950 toribus,
360 1897 417 1940 oh
457 1896 745 1940 doctrinarum
767 1895 950 1938 studium
977 1892 1244 1944 acerrimum,

131 1975 365 2031 multasque
381 1973 506 2018 animi
521 1981 558 2017 et
572 1973 727 2031 ingenii
743 1973 877 2026 dotes,
897 1972 941 2015 in
955 1970 1099 2030 primis
1113 1985 1247 2014 carus.

134 2052 187 2097 In
215 2051 447 2111 Theologia
475 2065 546 2095 eos
573 2051 730 2095 fecerat
756 2064 1032 2109 progressus,
1060 2056 1108 2093 ut
1131 2052 1250 2092 sum-

135 2144 229 2175 mos
253 2129 298 2174 in
327 2129 397 2173 illa
417 2129 602 2173 honores
629 2142 726 2172 mox
750 2128 1006 2187 expetiturus
1030 2126 1191 2171 fuisset.

193 2207 340 2265 Neque
380 2207 470 2252 solo
512 2206 746 2265 theologiae
784 2205 925 2250 studio
961 2203 1253 2255 detinebatur,

137 2286 327 2346 quamvis
355 2285 438 2338 hoc
470 2285 649 2331 maxime
682 2292 724 2330 et
749 2283 803 2328 ad
831 2282 945 2341 quod
973 2281 1114 2327 omnia
1140 2281 1253 2325 sole-

1180 2357 1255 2400 bat
