1487 2850
502 170 888 224 ORATIO.
1190 188 1243 230 ¹3

132 329 202 376 ut,
239 322 399 368 licet-a
443 341 488 371 se
521 338 738 388 separatae
784 336 870 380 sint
917 344 957 382 et
996 339 1242 396 distinctae,

131 411 275 444 omnes
303 408 441 446 tamen
473 407 702 462 aequabilis
729 410 964 467 jurisvratio
990 424 1142 464 teneat.

187 474 366 521 Derhac
400 479 688 527 distinctarum
717 489 898 544 partium
939 495 1168 540 concordia
1204 506 1245 542 et

126 549 236 594 inter
264 567 307 596 se
342 557 642 604 necessitudine
669 566 912 620 praeclarus
939 576 1000 613 est
1021 570 1246 618 Cicero-

124 626 209 671 nis
243 629 285 672 in
313 630 429 675 libris
446 637 499 676 de
517 638 772 692 Republica
792 642 934 700 locus;
957 660 984 688 »
1001 654 1046 691 ut
1070 634 1178 694 enim
1197 651 1241 695 in

124 704 492 765 fidibus‚·inquit,
537 720 607 756 aut
640 715 777 770 tibiis,
808 726 931 777 atque
966 731 1012 767 ut
1045 724 1089 769 in
1116 735 1242 773 cantu

124 780 220 839 ipso
252 798 302 827 ac
332 786 525 840 vocibus,
557 801 784 838 concentus
803 804 866 840 est
890 799 1062 854 quidam
1087 809 1241 849 tenenae

124 857 202 902 dus
232 875 280 904 ex
311 861 516 909 distinctis
546 868 685 922 sonis,
733 886 856 928 quem
894 875 1155 924 immutatum
1187 896 1238 927 ac

123 934 431 996 discrepantem
449 956 568 986 aures
592 946 776 991 eruditae
803 950 910 994 ferre
927 967 1012 997 non
1035 965 1234 1014 possunt3

119 1011 238 1069 isque
270 1025 497 1062 concentus
526 1035 572 1063 ex
590 1022 953 1073 dissimillimarum
972 1046 1123 1076 vocum·
1138 1049 1238 1079 mo-

119 1088 334 1135 deratione
376 1107 555 1141 concors
587 1105 727 1144 tamen
763 1104 940 1149 efficitur
975 1115 1015 1151 et
1049 1123 1237 1168 congru-

118 1169 213 1221 e1'1s3
247 1167 306 1212 sic
331 1174 381 1214 'ex
413 1173 586 1218 summis
620 1183 660 1219 et
686 1164 840 1223 infimis
866 1189 905 1225 et
933 1184 1079 1230 mediis
1095 1186 1233 1233 inter-

116 1242 235 1299 jectis
268 1245 512 1303 ordinibus,
552 1258 600 1295 ut
640 1254 781 1308 sonis,
820 1259 1038 1305 moderata
1068 1263 1231 1311 ratione

118 1318 262 1365 civitas
303 1336 511 1369 consensu
551 1327 921 1379 dissimillimorum
951 1339 1155 1384 concinit:
1189 1350 1230 1387 et

117 1411 241 1452 quae·
265 1398 487 1446 harmonia
527 1419 551 1447 a
591 1406 761 1452 musicis
803 1409 954 1457 dicitur
990 1414 1033 1459 in
1077 1426 1226 1474 cantu,

105 1481 257 1532 ‚eaest
286 1476 329 1519 in
361 1478 527 1524 civitate
557 1485 803 1540 concordia,
843 1484 1119 1538 'arctissimum
1156 1505 1227 1541 at-

113 1565 194 1606 que
224 1552 429 1611 optimum
459 1557 503 1600 in
532 1560 645 1603 omni
674 1564 889 1620 republica
920 1568 1123 1616 vinculum
1155 1574 1226 1618 in..

113 1628 393 1675 columitatis:
423 1648 531 1690 quae
559 1636 648 1682 sine
676 1638 832 1696 justitia
861 1644 975 1689 nullo
1003 1656 1132 1707 pacto
1153 1665 1226 1696 es-'

111 1718 155 1747 se
178 1713 374 1763 -potest.''

168 1780 287 1837 Quae
323 1783 620 1834 Ciceronis
656 1796 885 1851 sententia,
915 1799 959 1844 in
989 1817 1113 1860 quam
1149 1822 1221 1852 re-

112 1857 297 1903 centiore
316 1869 462 1908 ¹aetate
492 1873 533 1909 et
562 1867 664 1925 ipsis
696 1871 761 1916 his
790 1876 944 1921 nostris
962 1883 1220 1940 temporibus

108 1930 269 1978 iverunt
313 1938 478 1995 plurimi
532 1946 772 1994 celebrioris
815 1953 950 1999 famae
989 1959 1218 2019 scriptores

108 2016 149 2053 et
177 2011 387 2059 civitatum
418 2018 666 2076 Rectores,.
693 2026 727 2070 si
761 2043 860 2074 vera
901 2032 977 2087 sit,
1020 2037 1217 2086 fallantur

106 2101 273 2134 necesse
308 2100 368 2136 est
407 2108 501 2140 cum
531 2098 828 2151 illustrissimus
867 2107 931 2154 de
965 2112 1152 2160 Monte
1167 2132 1217 2161 s-

104 2166 271 2221 quien
289 2201 301 2222 ,
340 2178 426 2216 tum
456 2174 554 2230 alii,
578 2180 669 2237 ·qui
698 2191 796 2241 post
824 2184 938 2232 hunc
968 2189 1020 2234 de
1045 2191 1211 2252 imperii

102 2243 292 2300 partibus
323 2261 372 2291 eo
404 2248 556 2297 effectu
595 2271 618 2299 a
663 2273 707 2302 se
746 2260 921 2308 invicem
962 2272 1210 2327 separandis
