1487 2850
436 203 824 255 ORATIO.
1127 204 1183 247 31

74 372 154 417 De·
189 367 385 414 Ronde
430 374 471 412 et
512 366 625 410 Van
653 361 953 417 oNouhuis,
990 359 1065 419 qui
1099 359 1183 418 jam

74 456 164 493 tum
192 446 390 490 militibus
417 441 699 503 stipendiariis
730 442 967 500 praeerant.

81 542 112 556 -‘
133 524 370 569 Totavero
401 520 582 573 cohors,
621 532 708 561 non
743 515 945 576 publicis,
982 514 1057 558 sed
1095 511 1192 572 pri-

77 601 184 648 vatis
213 599 442 652 sumtibus,
472 597 598 641 rebus
619 595 837 648 omnibus,
867 599 1037 652 praeter
1052 605 1192 645 arma,

80 680 135 724 ad
165 678 353 722 militiam
385 674 630 720 necessariis
663 672 742 716 fuit
773 671 991 715 instructa.

81 757 110 789 -”
143 755 322 801 Senatus
342 753 546 798 'vexillum
565 783 576 805 ,
619 749 735 808 quod
767 747 922 793 abhinc
958 744 1197 804 quindecim

85 847 242 885 annos,
279 830 592 889 disciplinarum
617 829 660 871 in
683 827 765 871 hac
785 823 1013 870 Academia
1033 823 1200 869 studio-

83 910 164 962 sis,
192 909 257 952 ad·-
270 923 423 952 novum
444 907 707 950 Francorum
722 905 922 963 impetum
936 903 979 946 in
994 902 1202 960 conjunc-

88 994 155 1030 tas
184 985 354 1030 foedere
378 985 576 1042 Europae
604 979 744 1041 gentes
771 981 811 1025 vi
837 987 878 1025 et
909 979 1036 1023 armis
1062 977 1205 1037 repel-

87 1059 286 1115 lendum'ls,
315 1060 590 1105 voluntariam
618 1058 865 1103 facientibus
881 1057 1094 1110 militiam,
1122 1055 1206 1099 (lo-¹

88 1146 264 1183 flaverat
293 1138 626 1194 Traiectinarum
660 1137 890 1194 puellarum
930 1135 1037 1188 flos1‚
1068 1133 1207 1178 tradi-

89 1215 252 1268 disset5
292 1222 339 1258 ut
373 1229 422 1258 eo
448 1214 740 1274 profiteretur,
778 1211 1088 1270 quantum-sibi
1110 1212 1209 1270 pla-

93 1299 210 1336 ceret
240 1292 541 1352 praestantium
574 1284 766 1348 juvenum
794 1283 946 1343 virtus,
972 1288 1052 1333 nisi
1076 1288 1212 1333 resciss-

95 1370 247 1424 visset,
274 1370 492 1414 nonnullas
514 1370 672 1428 puellas
688 1382 799 1412 nunc
828 1382 997 1425 quoque
1020 1367 1212 1412 vexillum

93 1446 178 1492 acu
213 1442 423 1507 pingere,‘
441 1446 554 1491 tenui
592 1460 696 1491 auro
737 1446 975 1490 discernere
1017 1433 1065 1489 et·
1085 1458 1215 1489 exor-

102 1539 203 1570 nare
220 1558 231 1579 ‚
249 1520 436 1570 ¹*cohorti
465 1524 721 1567 donandum.
1020 1518 1023 1522 ’
1192 1510 1195 1513 .

92 1633 121 1638 υ
158 1602 288 1659 Quod
328 1601 518 1645 vexillum
556 1615 649 1643 cum
683 1599 786 1643 mihi
815 1597 990 1643 Rectori
1017 1595 1220 1641 traditum

94 1675 438 1735 :essetsdiesque
457 1678 659 1730 instaret,
686 1691 771 1733 quo
806 1676 905 1720 hinc
932 1677 1124 1732 Bergam
1166 1673 1222 1722 ad

99 1756 304 1809 Zommn,
346 1755 545 1814 praesidii
588 1755 738 1813 agendi
793 1768 919 1798 causa
936 1785 948 1807 ,
1002 1752 1224 1796 duceretur

95 1834 286 1885 ›cohors‚
318 1831 498 1877 Senatus
523 1832 727 1885 decrevit,
755 1839 801 1876 ut
826 1831 962 1891 pridie
978 1844 1105 1887 quam
1117 1828 1225 1871 haec

97 1910 189 1954 :iter
220 1911 550 1968 ¹aggrederetur,
597 1910 814 1962 vexillum,
855 1908 1004 1952 milites
1046 1905 1226 1965 cogendi

114 1988 415 2045 colligendique
448 1988 608 2046 signum
624 2021 634 2040 ‚
659 1988 890 2046 puellarum
917 1984 1107 2038 nomine,
1139 1983 1227 2040 ejus

97 2057 631 2109 —v‘ii-mttc'ommitteretun·
664 2064 861 2108 Decrevit
896 2077 1063 2120 quoque
1091 2061 1230 2106 Sena-

116 2148 209 2195 tus,
239 2149 284 2185 ut
311 2143 458 2186 eodem
486 2142 551 2186 die
582 2141 743 2185 solenni
780 2140 1056 2192 allocutione,
1100 2141 1231 2197 prae-

118 2212 233 2264 sente
262 2219 442 2273 Senatu,
476 2220 518 2263 in
546 2220 638 2263 aula
656 2252 666 2271 ‚
704 2219 739 2263 si
761 2218 851 2263 fieri
876 2224 1045 2277 posset,
1066 2214 1230 2276 palatii,

121 2294 413 2342 Studiosorum
434 2296 598 2341 cohorti
622 2297 783 2341 Rector
800 2295 1049 2341 valediceret
1063 2301 1103 2338 et
1116 2294 1235 2337 faus-

1191 2377 1235 2412 ta
