1487 2850
295 215 957 259 ASTRONOMICA.
1115 226 1187 266 105

85 323 254 378 pentini‚
275 326 415 375 duplici
438 326 550 365 modo
569 325 726 364 inveniri
749 333 890 375 potest.
917 322 1190 364 observatione

84 397 259 436 definitur
273 425 286 444 ‚
311 397 343 434 si
364 405 599 452 astronomus
624 395 783 443 aliquis,
799 404 861 433 aut
881 392 1086 433 Grenovici
1101 401 1192 440 ‚aut

83 465 297 512 ubicunque
318 466 461 503 tandem
475 465 514 503 in
535 464 750 503 continente
765 492 778 512 ‚
791 465 1075 513 phaenomenon
1095 463 1192 502 idem

79 533 174 572 illud
209 535 486 573 observaverit:
529 535 673 573 calculo
709 545 822 580 vero,
857 534 889 572 si
917 546 938 572 e
970 533 1104 572 tabulis
1131 544 1194 571 so-

81 603 152 651 lis,
178 605 307 652 lunae,
335 605 522 642 stellarum
539 632 553 651 ,
581 605 826 651 planetarum,
857 615 878 643 a
904 603 1022 652 priori
1044 612 1192 651 tempus

85 673 200 711 hocce
232 683 486 721 computatum
521 673 650 713 fuerit.

136 743 238 781 Haec
271 742 537 781 animadversio
576 742 615 780 in
651 741 891 790 ponderando
932 742 1194 781 methodorum

87 821 223 856 eventu
262 813 408 850 maximi
443 811 620 851 momenti
650 821 721 850 est.
774 811 941 850 Evidens
976 811 1072 850 enim
1111 820 1196 860 est,

86 890 216 920 nautas
248 894 268 920 a
302 883 517 920 continente
543 890 580 920 et
605 882 650 920 ab
681 882 783 919 omni
810 882 965 919 aliorum
1001 882 1196 920 hominum

86 951 352 990 communione
386 960 604 1000 separatos,
657 951 768 989 unice
810 950 1055 1000 posteriorem
1087 950 1203 988 ratio-

86 1032 171 1062 nem
195 1033 375 1071 usurpare
400 1033 542 1070 posset
573 1021 671 1060 unde
697 1020 820 1059 statim
844 1020 1042 1070 sequitur,
1072 1020 1202 1058 obser·

86 1091 254 1129 vationes
289 1091 534 1139 longitudinis
569 1091 659 1129 mari
696 1091 908 1137 institutas,
939 1098 1129 1138 quotquot
1159 1090 1199 1128 in

87 1161 273 1199 sideribus
299 1171 517 1208 versentur,
531 1173 551 1199 a
575 1161 712 1199 tabulis
734 1160 992 1199 astronomicis
1011 1160 1199 1207 pendere,

85 1238 198 1278 atque
233 1230 325 1268 vitia
367 1231 458 1268 adeo
497 1231 573 1268 illic
620 1232 770 1269 latentia
812 1239 891 1269 tota
927 1229 1121 1267 transferri
1158 1229 1198 1267 in

84 1299 183 1347 ipsas
207 1299 473 1347 longitudines.
514 1301 698 1339 Ponamus
723 1301 880 1350 exempli
912 1300 1053 1348 gratia,
1087 1299 1202 1346 eclip-

79 1368 146 1407 ,sin
186 1370 349 1408 lunarem
393 1370 624 1408 observatam
672 1382 753 1408 esse
791 1370 829 1409 in
873 1370 1022 1407 duobus
1057 1369 1203 1406 telluris

84 1437 192 1476 locis.
249 1438 544 1476 Observationes
565 1441 632 1476 hae
658 1439 755 1477 inter
783 1451 823 1477 se
852 1441 1033 1486 collatae,
1058 1440 1202 1486 absque

95 1509 174 1546 ullo
203 1507 365 1546 theoriae
394 1509 564 1557 auxilio,
589 1510 729 1548 dabunt
762 1509 1008 1548 differentiam
1038 1509 1206 1558 longitu-

93 1578 192 1616 dinis
231 1578 365 1616 horum
401 1580 585 1618 locorum.
650 1580 703 1617 At
739 1580 771 1617 si
815 1581 907 1617 alter
939 1587 1081 1617 tantum
1122 1589 1204 1617 eam

94 1647 353 1694 observasset,
381 1660 426 1686 ex
450 1649 681 1697 ephemeride
706 1649 832 1698 aliqua
859 1650 1109 1688 astronomica
1123 1649 1206 1688 mo-

94 1725 215 1755 menta
249 1719 361 1767 hujUs
397 1719 578 1767 eclipseos
615 1720 820 1758 secundum
855 1721 1098 1769 ephemeridis
1130 1731 1208 1759 rne-

93 1786 274 1826 ridianum
303 1788 376 1836 ipsi
407 1788 613 1835 quaerenda
643 1789 818 1828 fuissent.
893 1791 965 1828 Sed
999 1790 1207 1838 ephemeri-

92 1857 158 1896 des
195 1857 286 1896 istae
323 1859 423 1896 nude
454 1859 660 1897 tabularum
693 1859 1022 1898 astronomicarum
1068 1859 1209 1898 indica-

93 1928 215 1967 tiones
251 1929 451 1978 quotannis
477 1929 670 1969 exhibent.
727 1930 782 1969 Et
807 1929 952 1968 tabulae
984 1941 1116 1979 rursus
1149 1940 1208 1968 as-

1129 2007 1209 2038 tro-

88 2116 305 2147 mathematicis
328 2116 461 2153 perspici
483 2124 650 2153 nequeunt.
691 2116 791 2146 Tertia
810 2118 912 2148 classis
938 2125 986 2149 est
1002 2114 1128 2157 eorum,
1146 2122 1200 2157 qui

90 2173 277 2209 problemata
297 2175 407 2202 haecce
425 2181 486 2202 non
512 2181 624 2202 tantum
641 2174 765 2202 solvunt
782 2181 813 2202 et
830 2168 1026 2212 intelligunt,
1038 2178 1092 2206 sed
1110 2177 1200 2207 etiam

91 2229 300 2259 mathematice
324 2231 527 2261 demonstrare
545 2237 684 2267 possunt.
726 2232 1038 2271 frequentia,eheue
1059 2234 1201 2269 classium

97 2285 234 2317 ordinem
250 2286 399 2325 sequitur.
