1487 2850
417 187 935 236 PRAEFATIQ
1211 194 1236 233 7

123 309 263 364 judicio
294 306 479 346 excellens
517 300 646 341 floruit
684 298 802 349 gratia
836 297 958 345 Impp.
987 291 1229 341 Vespasiani,

130 379 239 426 Titi,
264 373 471 416 Domitiani
503 381 540 411 et
578 372 741 410 Nervae.
790 368 849 407 De
881 365 1020 411 rebus,
1048 373 1140 411 quae
1166 360 1236 400 sub

127 446 416 499 Imperatoribus
449 443 571 483 Galba
605 452 642 479 et
673 440 827 479 Othone
860 435 1098 479 acciderunt,
1146 440 1240 469 con-

129 519 227 559 fului
268 517 374 556 etiam
415 512 759 554 Plutarchum
800 508 838 545 in
878 506 978 545 Vitis
1010 501 1238 555 parallelis,

133 589 201 639 qui
240 586 416 626 Hadriani
450 593 487 623 et
524 581 676 632 TraJani
719 578 814 617 vixit
851 584 981 614 aetate.
1057 569 1239 611 Universe

132 671 192 698 res
225 656 541 697 Praetorianorum
577 652 623 690 ab
659 651 835 698 Augusto
871 645 955 683 inde
992 642 1038 680 ad
1070 637 1240 688 Septimii

137 728 268 769 Severi
289 733 445 765 mortem
466 721 613 772 percepi
638 731 683 758 ex
717 717 883 757 Dione
909 715 942 753 C
957 724 1007 751 as
1023 712 1100 750 sio
1124 710 1157 748 C
1172 719 1245 746 oc-

135 799 346 848 ceJ‘ano,
398 793 465 842 qui
507 789 704 831 Alexandri
748 785 875 826 Severi
910 792 1077 831 tempore
1122 778 1246 824 vixit,

139 877 177 907 et
205 866 293 916 ipsss
330 863 512 903 militibus
545 856 790 900 Praetorianis
828 855 922 893 adeo
957 851 1101 889 invisus
1134 845 1250 885 fuisse

142 937 279 977 dicitur
308 934 360 974 ob
386 932 609 972 severitatem
626 957 640 975 ‚
666 937 709 965 ut
736 937 818 964 eum
848 921 1054 961 interficere
1085 918 1247 956 vellent:

144 1005 319 1055 quocirca
353 1004 511 1042 Romam
545 998 712 1047 reliquit.
768 993 921 1043 Scripfit
951 991 1144 1030 Historiae
1177 985 1254 1024 Ro-

145 1084 281 1114 manae
312 1072 452 1111 Libros
488 1069 660 1115 LXXX,
687 1065 734 1103 ab
764 1065 910 1103 Aeneae
945 1061 985 1098 in
1017 1057 1159 1098 Italiam
1190 1054 1256 1092 ad·

146 1153 265 1185 ventu
297 1142 343 1180 ad
376 1140 647 1183 Consulatum,
684 1146 794 1183 quem
835 1131 911 1181 ipse
938 1129 1005 1168 sub
1040 1124 1254 1166 Alexandro

151 1215 291 1254 Severo
327 1209 464 1260 gesfit,
503 1208 573 1245 ΑΟ.
603 1216 691 1252 229.
721 1215 760 1251 p.
790 1202 843 1241 C.
868 1210 909 1238 n.
961 1198 1024 1237 Ex
1054 1195 1113 1233 his
1150 1192 1258 1231 libris

147 1285 265 1324 multa
291 1281 456 1326 servata,
483 1277 597 1314 multa
631 1282 783 1321 quoque
815 1267 1002 1317 deperdita
1031 1264 1143 1304 sunt:
1170 1262 1256 1300 XX.

150 1352 400 1405 posteriorum
435 1348 616 1386 librorum
648 1344 832 1389 Excerpta
863 1334 1119 1376 tantummodo
1147 1330 1261 1369 habe-

151 1434 237 1464 mus
261 1418 486 1472 Joannis
530 1410 806 1462 Xiphilini
826 1438 839 1457 ,
865 1405 1047 1446 Monachi
1080 1400 1264 1442 Constan-

152 1489 408 1542 tinopolitani.
471 1486 705 1536 Quamquam
739 1493 762 1519 a
796 1476 989 1517 nonnullis
1026 1468 1263 1522 reprehendi-

155 1573 218 1603 tut
246 1560 370 1606 Dio,
402 1557 441 1595 in
471 1566 515 1593 eo
553 1563 674 1591 tamen
709 1549 916 1599 probatur,
947 1544 1050 1592 quod
1069 1553 1154 1580 cum
1180 1539 1266 1577 dili·

159 1630 287 1682 gentia
321 1637 489 1675 tempora
532 1631 668 1669 notet,
721 1628 759 1658 et
805 1629 862 1656 res
904 1623 1104 1660 earumque
1142 1607 1267 1648 causas

160 1707 329 1741 accurate
355 1703 487 1736 narret.
540 1693 640 1730 Tum
675 1700 764 1728 vero
801 1686 912 1724 etiam
947 1683 1157 1730 Scriptores
1182 1678 1272 1717 His-

163 1772 285 1809 toriae
341 1765 535 1814 Augustae
580 1759 677 1805 adii,
735 1756 802 1804 qui
847 1755 893 1792 ad
934 1760 1086 1791 aetatem
1133 1757 1273 1786 aeream

162 1837 376 1889 pertinent,
415 1841 650 1881 quorumque
675 1826 834 1874 scripta,
873 1821 1074 1861 secundum
1109 1817 1275 1856 erudito-

164 1919 247 1947 rum
277 1905 445 1944 virorum
471 1899 650 1950 judicium
670 1924 684 1944 ‚
706 1896 863 1934 aliorum
901 1890 1064 1930 fontium
1090 1886 1275 1936 penuria,

166 1973 343 2015 historiae
369 1969 630 2018 intelligentiae
665 1966 768 2004 utilia
791 1963 887 2004 sunt.
937 1961 999 1999 Ex
1023 1959 1081 1997 his
1110 1956 1278 2007 percurri

170 2043 313 2084 Aelii
348 2037 612 2090 Spartiani
651 2035 746 2073 vitas
781 2033 905 2079 Impp.
935 2026 1114 2066 Hadriani
1147 2034 1183 2063 et
1211 2024 1282 2062 Di-

169 2115 223 2155 dii
249 2111 418 2162 Julian13
471 2106 614 2149 Aelii
647 2098 971 2151 Lampridii,
1024 2095 1091 2144 qui
1128 2106 1148 2133 a
1190 2094 1281 2131 viris

172 2183 294 2223 doctis
327 2179 439 2220 idem
464 2177 540 2218 esse
573 2187 614 2214 ae
650 2172 868 2222 Spartianus
915 2166 1114 2211 censetur,
1168 2163 1280 2200 vitam

173 2248 513 2304 lmp.c0mmodi;
537 2243 673 2297 Julii
700 2236 1009 2289 Capitolini
1034 2234 1128 2275 vitas
1152 2232 1277 2279 Impp.

1208 2301 1287 2339 An-
