1487 2850
256 181 310 225 14
613 173 992 222 ΟΒΑΤῙΟ.

253 338 467 387 dixerunt,
498 340 542 377 ut
571 346 652 375 una
686 346 736 375 ex
770 330 897 373 altera
926 342 1101 387 prorsus
1131 342 1216 373 non
1240 343 1352 388 pen.

252 416 361 459 deat.

309 487 414 534 Illud
451 499 528 530 nee
565 482 656 528 fieri
692 495 842 540 posse,
896 489 936 525 et
978 482 1013 525 si
1055 489 1227 540 posset,
1264 495 1350 525 non

251 568 401 613 debere
433 564 641 621 disputant
681 557 933 611 adversarii,
971 558 1043 614 qui
1068 559 1216 612 talem,
1241 573 1352 616 qua-

248 645 327 688 lem
354 642 412 702 illi
442 639 610 682 laudant
640 642 677 679 et
708 634 1027 688 commendant,
1070 635 1257 680 strictam
1298 634 1352 679 de

250 735 331 777 qua
346 717 518 761 diximus
537 712 839 771 separationem
855 743 868 764 ‚
891 711 1066 769 Angliae
1079 743 1092 765 ,
1123 711 1351 765 Franciae,

250 794 414 840 Patriae
440 798 606 835 nostrae
630 788 694 832 vel
729 788 902 832 aliarum
947 787 1168 833 Civitatum
1209 803 1355 834 exem-

249 873 329 931 plis
360 867 556 929 probari,
586 865 850 909 vehementer
878 872 1044 921 negant.

304 948 369 991 De
392 945 553 989 ratione
582 956 681 986 vero
712 940 949 998 quaeritur,
979 956 1062 998 qua
1087 941 1225 998 legum
1246 955 1356 985 con-

250 1024 478 1070 dendarum
500 1020 564 1078 jus
594 1026 721 1076 atque
743 1025 929 1077 potestas
955 1032 1108 1075 easque
1135 1016 1353 1071 servandi,

252 1110 291 1146 et
327 1101 403 1144 alia
440 1097 603 1156 negotia
633 1095 802 1156 publica
838 1094 1014 1139 curandi
1054 1093 1269 1153 provincia
1300 1093 1356 1136 ad

251 1185 406 1226 certum
442 1175 611 1219 modum
645 1173 876 1232 prudenter
904 1177 961 1216 ita
998 1171 1225 1230 temperari
1249 1184 1357 1229 pos-

251 1253 358 1307 sint,
388 1259 433 1295 ut
461 1251 672 1308 utriusque
698 1256 884 1311 potestas
911 1263 1005 1292 cum
1024 1249 1131 1293 illius
1152 1247 1224 1304 qui
1244 1248 1355 1305 leges

252 1329 428 1382 condat,
463 1335 548 1373 tum
577 1327 650 1384 qui
687 1326 835 1370 harum
860 1326 1041 1371 vindicet
1065 1325 1357 1369 auctoritatem

250 1407 313 1451 vel
344 1405 420 1450 alia
451 1405 546 1450 belli
584 1404 785 1462 pacisque
821 1403 988 1461 negotia
1027 1402 1245 1462 expediat,
1274 1414 1356 1460 pro

252 1482 423 1528 civitatis
453 1483 609 1535 salute,
640 1482 780 1539 ampla
815 1480 983 1538 quidem
1019 1480 1099 1533 sit,
1135 1479 1260 1524 certis
1287 1485 1361 1522 ta-

252 1573 347 1603 men
382 1560 531 1604 finibus
575 1558 809 1603 constitutis
845 1572 952 1615 quos
994 1558 1128 1601 nullus
1165 1555 1359 1614 egredia-

252 1643 332 1680 tur.
745 1623 750 1629 ⁸

311 1711 394 1769 Qui
421 1711 542 1769 igitur
573 1711 626 1756 ad
667 1726 784 1765 eam,
830 1710 882 1754 de
923 1725 1005 1768 qua
1044 1709 1243 1762 dicimus,
1283 1723 1360 1752 ra-

254 1791 433 1842 tionem,
472 1797 540 1832 aut
566 1790 648 1846 iam
684 1789 782 1833 olim
821 1794 894 1832 ‘aut
930 1793 1074 1830 nostra
1108 1792 1244 1830 aetate
1272 1784 1360 1828 rei-

255 1866 444 1925 publicae
459 1865 700 1924 imperiique
722 1867 900 1909 formam
918 1869 1241 1922 composuerunt
1254 1861 1361 1906 civi-

257 1949 384 1985 tatum
416 1942 637 1995 Rectores‚
672 1958 719 1988 ex
750 1942 884 1986 tribus
913 1939 1076 1999 imperii
1109 1939 1326 1998 generibus
1345 1969 1360 1992 ,

258 2017 370 2075 regio
401 2018 643 2077 optimatum
675 2026 714 2063 et
738 2017 931 2078 populari
954 2023 1230 2076 temperatum
1253 2030 1361 2061 con·-

259 2095 474 2137 stituerunt
502 2095 734 2154 imperium.

313 2169 367 2212 <ld
400 2178 532 2213 autem
563 2171 662 2229 ipsis
694 2172 852 2216 consilii
882 2171 1206 2224 fuissevidetur,
1235 2176 1280 2214 ut
1299 2169 1361 2214 sic

261 2246 478 2289 commoda
510 2247 675 2302 quidem
705 2257 941 2305 servarent,
972 2247 1236 2296 incommoda
1259 2261 1359 2292 vero

1273 2325 1358 2367 tol-
