1487 2850
239 201 288 239 16
463 188 1119 240 co'MMENTA'rIo

236 327 260 356 ᾗ
288 304 477 356 dignitatis
502 300 633 354 causa,
659 316 696 345 et
731 307 817 355 quia
849 307 945 345 inter
969 308 1131 347 minores
1152 310 1264 360 alias,
1291 321 1335 351 ut

234 394 258 425 ς,
283 376 468 416 Praetoria
500 377 622 424 aliqua
646 377 778 424 navis,
822 376 1038 417 eminerent.
1101 379 1265 418 Possunt
1296 383 1337 421 et

233 475 258 496 ‚‚
285 440 453 495 exemplo
495 446 756 484 praetoriarum
805 444 1015 484 cohortium
1065 448 1141 486 esse
1184 449 1334 499 dictae,

231 545 255 565 „
283 527 375 563 quae
406 517 450 554 ad
474 515 599 553 Italiae
625 513 883 563 Principisque
909 516 1075 554 tutelam.
1089 515 1116 533 '⁹

236 610 240 612 -
278 584 379 622 Haec
411 594 531 622 autem
563 585 608 622 de
640 583 855 622 conditione
887 583 1033 633 imperii
1064 584 1225 625 Romani
1266 586 1335 625 sub

227 655 403 704 Augusto
428 655 474 692 ad
510 663 680 692 nostrum
703 654 896 693 confilium
932 654 1149 701 sufficiunt,
1176 663 1219 692 ut
1243 667 1340 694 con-·

228 725 334 762 tinuo
374 724 485 773 ipsam
522 725 682 763 militum
708 723 1028 764 Praetorianorum
1057 723 1248 764 historiam
1274 735 1337 774 ag-

227 794 447 843 grediamur.

714 939 749 989 ς.
797 938 848 978 11.

338 1073 532 1123 Augustus
564 1080 698 1111 auctor
731 1071 933 1111 satellitum
972 1071 1232 1124 Imperatoris.

277 1221 407 1264 Prou'ti
447 1225 680 1274 Augustus,
721 1232 762 1262 ut
798 1233 943 1262 vastum
978 1224 1232 1263 Romanorum
1270 1223 1337 1262 im-

228 1294 369 1343 perium
398 1293 607 1333 defenderet
644 1302 755 1341 atque
789 1293 990 1341 stabiliret,
1038 1305 1083 1331 ex
1115 1280 1335 1332 militaribus

226 1364 345 1412 copiis
383 1364 549 1413 legiones
594 1371 629 1401 et
672 1363 807 1401 auxilia
847 1365 883 1401 in
925 1363 1085 1413 singulas
1123 1363 1337 1412 provincias

226 1433 490 1480 distribuerat,
517 1442 554 1471 et
582 1433 627 1470 ad
653 1433 804 1471 tutelam
837 1433 944 1471 maris
981 1434 1071 1471 duas
1099 1433 1259 1481 classes,
1285 1432 1338 1471 al-

228 1511 339 1540 teram
369 1502 529 1549 Miseni,
556 1502 756 1548 Ravennae
787 1504 933 1540 alteram
969 1503 1215 1539 collocaverat
1240 1501 1337 1551 (1);

227 1570 279 1609 ita
313 1581 465 1618 quoque
498 1570 633 1608 milites
667 1570 846 1617 instituit,
888 1569 954 1618 qui
981 1570 1109 1608 urbem
1151 1570 1339 1618 ipsiusque

227 1650 366 1688 corpus
392 1639 651 1678 custodirent:
680 1640 719 1677 hi
744 1635 1037 1677 urbanaefuere
1060 1627 1202 1688 copiae.
1255 1641 1338 1678 Du-

225 1710 362 1760 'piicem
395 1710 445 1747 ob
479 1709 645 1756 causam,
687 1717 728 1746 ut
759 1708 863 1756 dixi,
902 1709 957 1746 illi
981 1709 1115 1746 milites
1138 1708 1342 1762 'seligeban·

225 1781 319 1828 'tur;
347 1779 476 1828 copiae
507 1779 658 1828 proprie
692 1778 810 1817 dictae
843 1778 1032 1826 urbanae,
1073 1787 1114 1815 ut
1130 1768 1250 1825 ‘ipsam
1278 1773 1340 1816 u'r-

227 1846 314 1889 'bern
354 1858 545 1888 tuerentur
580 1848 678 1898 (2),
731 1857 767 1886 et
807 1848 967 1886 cohortes
1010 1847 1255 1897 Praetoriae,
1296 1857 1340 1885 ut

324 1930 327 1931 ⁷
1232 1903 1338 1966 prae)-

227 2068 231 2072 1
268 2033 356 2069 (1)*S
369 2039 444 2063 uet.
465 2034 498 2062 in
522 2035 605 2069 Aug.
629 2040 656 2062 c.
675 2039 726 2068 49.

266 2090 321 2127 (ε)
342 2091 406 2119 Nos
439 2089 584 2126 dicimus,
612 2089 837 2125 stadsmtlfttee
869 2086 994 2123 Franci,
1033 2087 1150 2132 Gardqs
1181 2087 1340 2118 urbalnes.

233 2146 348 2181 copiae
373 2147 445 2176 istae
476 2155 574 2176 motus
600 2146 684 2181 vulgi
719 2147 863 2175 coercere
890 2143 1057 2173 debebant:
1097 2145 1225 2179 templa,
1255 2145 1345 2188 fora,

233 2201 368 2237 basilica,
409 2209 501 2230 noctu
546 2202 725 2231 custodire:
762 2201 903 2230 stationes
950 2208 1036 2235 agere
1083 2206 1187 2228 contra
1224 2200 1343 2231 ficarios

234 2266 284 2288 aut
315 2259 513 2295 grassatores,
557 2265 589 2288 et
634 2267 779 2295 apparere
823 2257 980 2287 Praefecto
1023 2255 1115 2286 urbis.
1154 2270 1193 2280 -
1230 2256 1343 2286 Secun-

1272 2314 1343 2341 dum
