1487 2850
415 241 921 284 LITERARIA.
1165 255 1215 294 93

106 352 453 402 Deindesutrique
498 355 585 392 huic
625 353 762 392 civium
804 352 928 402 generi
960 350 1127 401 praeesse
1160 360 1217 392 at-

105 435 181 472 que
229 422 409 471 imperare
464 423 600 462 debent
632 423 866 472 magistratus
903 431 940 461 et
986 422 1098 460 duces
1127 423 1214 474 (1).

105 492 196 531 Tria
245 492 360 539 igitur
402 493 490 530 haec
534 492 671 530 civium
705 503 865 541 genera,
905 494 946 532 τὸ
989 494 1219 539 βουλευτικὸν

99 564 242 611 (genus
279 563 382 609 quod
422 562 560 610 regit),
603 565 644 602 τὸ
682 565 895 611 ἐπικουρικὸν
934 561 1112 608 (militare
1156 562 1219 600 vel

107 631 389 680 auxiliarium),
442 639 478 669 et
510 634 551 672 τὸ
585 633 867 680 χρηματιστικὸν
907 631 1110 680 (populare
1157 630 1218 669 vel

106 700 432 748 quaestuariam),
443 701 595 739 eandem
610 700 746 737 habent
768 701 806 737 in
820 700 971 738 civitate
982 699 1057 738 vim
1073 728 1087 748 ‚
1102 711 1215 747 quam

103 770 143 809 in
172 771 294 809 animo
321 771 459 809 habent
496 778 570 807 tres
605 769 720 817 ipfius
754 777 904 817 parteS,
939 772 980 810 τὸ
1011 772 1216 817 λογιστικὸν

100 840 226 888 (quod
261 840 548 888 ratiocinatur),
575 842 616 880 τὸ
651 841 825 888 θυμοειδὲς
859 839 985 886 (quod
1008 838 1217 888 impellit),

102 920 142 949 et
175 914 216 952 τὸ
236 913 483 959 ἐπιθυμητικὸν
519 909 647 959 (quod
680 908 955 957 concupiscit.)
1007 909 1138 947 Prouti
1176 909 1216 946 in

102 980 469 1028 animoprincipatu
501 979 651 1027 insignis
687 988 745 1016 est
775 988 907 1025 mens,
940 980 957 1017 ὁ
986 979 1121 1026 λόγος,
1148 977 1219 1016 mi·

104 1049 180 1087 tior
211 1049 287 1097 ipsa
311 1049 444 1086 ceteris
473 1049 668 1096 partibus,
697 1047 747 1085 ita
780 1047 819 1085 in
852 1047 1000 1086 civitate
1024 1048 1216 1096 magistra-

97 1125 160 1155 tus
198 1119 279 1156 miti
307 1116 481 1166 sapientia
506 1118 689 1166 populum
721 1116 942 1165 gubernant.
993 1117 1134 1157 Eadem
1158 1129 1216 1156 ra-

97 1187 230 1233 tione,
258 1198 330 1233 qua
370 1189 514 1234 ὃθυμὸς
542 1196 579 1223 et
615 1190 654 1226 αἱ
683 1188 862 1234 ἐπιθυμίαι
896 1188 936 1224 in
971 1187 1119 1234 animo,
1145 1187 1217 1225 mi·

95 1257 181 1296 lites
205 1265 242 1294 et
270 1257 405 1304 vulgus
425 1256 463 1293 in
483 1255 636 1293 civitate
659 1255 860 1292 cohibendi
883 1254 980 1294 sunt.
1011 1260 1054 1296 ‘O
1080 1259 1209 1306 θυμὸς,

98 1327 125 1366 fi
165 1327 261 1365 bene
298 1334 467 1374 regatur,
505 1324 604 1363 addit
636 1324 761 1362 animo
797 1325 927 1372 vires,
966 1334 1009 1363 ut
1035 1325 1213 1365 virtutem

98 1405 343 1447 propugnet:
408 1395 457 1434 s1c
500 1395 675 1433 custodes
702 1394 788 1443 tfive
832 1395 999 1442 milites,
1051 1396 1146 1434 bene
1190 1408 1212 1434 a

99 1466 374 1516 magistratibus
418 1464 652 1513 gubernati,
705 1464 892 1503 civitatem
941 1464 1073 1504 salvam
1128 1466 1212 1505 red-

97 1539 215 1577 dunt:
245 1546 281 1575 et
308 1536 437 1585 prouti
462 1536 500 1574 in
525 1536 676 1574 homine
702 1535 923 1583 cupiditates
941 1563 955 1582 ,
983 1535 1030 1574 fic
1055 1538 1093 1574 in
1118 1536 1213 1575 civi-

95 1617 172 1647 tate
219 1609 356 1656 vulgus
397 1607 597 1656 prudenter
644 1607 722 1653 regi
771 1613 808 1644 et
847 1605 1032 1643 contineri
1081 1605 1208 1647 debet.

94 1679 193 1718 Nam
230 1677 270 1715 in
301 1677 435 1714 horum
468 1676 607 1716 civium
643 1675 775 1714 animis
807 1675 1041 1724 potisfimum
1076 1676 1212 1715 immo·

93 1749 236 1788 deratas
263 1747 487 1796 cupiditates
525 1746 699 1795 reperies.
751 1746 899 1793 Porro,
944 1753 987 1783 ut
1026 1745 1211 1796 hominis,

93 1817 147 1856 ita
189 1817 298 1856 etiam
334 1816 497 1854 civitatis
543 1814 754 1864 perfectio,
779 1824 943 1863 quatuor
993 1816 1210 1854 continetur

93 1888 324 1933 virtutibus,
351 1897 447 1935 quae
472 1886 626 1933 sunta?
661 1888 799 1936 σοφίαι,
831 1885 1048 1936 sapientia,
1085 1890 1106 1933 ἦ
1144 1890 1209 1927 azu-

91 1961 218 2008 speia,
230 1956 422 2005 fortitudo
435 1984 449 2003 ,
477 1958 716 2005 ἠσωφροο-ύνη
729 1986 740 2000 ,
768 1957 1018 2006 temperantia
1041 1983 1055 2003 ‚
1073 1967 1095 1995 e
1115 1968 1208 2005 qua-

90 2041 173 2067 rum
208 2027 397 2067 harmonia
430 2034 559 2075 quarta
590 2026 758 2072 exfistit,
803 2029 826 2072 ἦ
859 2028 1085 2075 δικαιοσύνη,
1119 2028 1208 2077 jus.

88 2101 194 2138 titia.
243 2096 471 2145 Respublica
499 2096 594 2134 bene
627 2095 826 2134 constituta
857 2096 929 2134 dici
959 2105 1085 2146 potest
1118 2098 1204 2135 nul-

85 2170 143 2216 la,
179 2167 247 2207 nist
295 2177 390 2216 quae
434 2165 494 2207 his
538 2173 700 2216 quatuor
737 2164 940 2206 virtutibus
975 2175 1104 2209 ornata
1138 2168 1198 2207 fit.

1100 2237 1200 2278 Nam

119 2320 173 2359 (ι)
197 2320 240 2349 De
268 2320 344 2355 κε).
366 2320 387 2347 1.
409 2318 464 2348 111.
484 2325 552 2355 412·
576 2319 611 2349 B.
