1487 2850
267 207 319 254 54
488 202 1149 246 COMMENTATlo

267 310 356 351 fitne
395 313 560 359 populus
590 312 760 352 invectus
795 320 880 356 θεῖς
931 313 1018 360 quia
1053 313 1234 362 pecuniae
1268 311 1372 353 eausa

265 377 494 418 Pertinacem
528 380 800 421 interfecerant.
874 382 1035 420 Vivebat
1062 382 1233 432 Julianus
1267 382 1380 422 luxu«

265 449 392 497 riose,
419 449 688 499 imperiumque
720 452 827 499 plane
853 451 1075 499 negligebat.
1126 453 1218 491 Non
1241 453 1375 491 mirum

266 518 411 567 igitur,
451 520 644 558 Romanos
682 520 925 559 Pescennium
963 521 1124 570 Nigrum
1158 522 1377 569 invocasse,

270 589 338 636 qui
361 590 434 639 Jam
467 590 643 637 imperare
677 590 879 628 dicebatur.
934 591 1088 628 Etenim*
1113 603 1229 639 quum
1263 591 1381 639 legio-

268 668 338 696 nes
374 658 413 696 in
455 658 607 696 Oriente
638 659 866 697 Pertinacem
906 659 1092 706 occisum,
1124 669 1160 696 et
1189 659 1378 708 Julianum

268 727 532 776 Imperatorem
556 728 695 766 factum
729 728 806 766 esse
834 727 1123 777 cognovissent,
1149 728 1256 766 valde
1279 736 1383 767 erant

268 797 502 846 indignatae,
543 807 580 836 et
611 797 792 836 continuo
826 797 1064 836 Pescennium
1088 798 1278 846 Nigrum,
1304 797 1384 836 for·

268 865 451 905 tissimum
480 867 625 914 virum,
651 867 832 914 valdeque
860 867 1284 914 acceptum-exercitui,
1313 867 1386 905 Im-

269 944 478 985 peratorem
503 937 750 985 appellarunt.
803 936 846 973 In
872 935 1060 974 Pannonia
1084 947 1238 983 quoque
1269 936 1390 983 legio-

271 1015 338 1045 nes
360 1006 581 1055 Septimium
594 1006 776 1044 Severum
790 1032 804 1051 ,
830 1005 951 1043 virum
968 1004 1129 1051 sagacem
1145 1032 1159 1050 ,
1183 1005 1386 1052 Imperato-

271 1086 349 1115 rem
379 1075 607 1123 salutarunt,
635 1087 745 1123 quem
781 1075 888 1113 etiam
921 1074 960 1111 in
991 1074 1113 1112 Gallia
1135 1083 1386 1122 agnoverunt.

271 1144 344 1185 His
362 1146 524 1194 cognitis
540 1174 554 1194 ‚
578 1145 750 1195 Julianus
778 1154 1000 1192 magnopere
1026 1144 1157 1182 metuit
1177 1144 1358 1182 Severum
1373 1172 1387 1190 ‚

274 1224 313 1254 et
339 1216 580 1264 perturbatus
606 1215 651 1253 ad
689 1214 865 1252 Senatum
901 1212 936 1250 se
969 1213 1182 1260 convertit,
1223 1213 1390 1251 hostem-

273 1296 351 1334 que
368 1285 548 1335 judicavit
571 1284 807 1332 Septimium.
860 1284 1002 1322 Interea
1036 1284 1196 1332 Severus
1224 1285 1386 1332 legatum

273 1354 373 1394 mifit
410 1356 456 1394 ad
481 1355 659 1394 Clodium
690 1353 902 1399 Albinum,
946 1353 1010 1399 qni
1046 1352 1088 1392 in
1117 1353 1305 1391 Britannia
1338 1357 1390 1393 le-

274 1423 452 1472 gionibus
484 1431 674 1471 praeerat,
717 1431 758 1459 ut
782 1433 865 1458 eum
905 1421 1093 1459 Caesarem
1133 1432 1169 1459 et
1203 1422 1390 1461 successo·

274 1504 353 1531 rem
382 1491 614 1531 nominaret:
643 1500 726 1529 nam
763 1492 977 1537 metuebat,
1017 1502 1064 1528 ne
1091 1491 1280 1539 Albinus,
1324 1494 1390 1541 qui

277 1563 424 1611 generis
453 1562 649 1600 nobilitate
679 1571 716 1598 et
745 1562 941 1610 praeclaris
978 1560 1206 1599 facinoribus
1234 1564 1392 1604 multum

275 1633 516 1682 praestabat,
543 1631 739 1679 imperium
763 1643 783 1670 a
812 1631 992 1669 Romanis
1032 1641 1188 1679 peteret.
1251 1634 1396 1673 Deinde

275 1713 363 1740 cum
394 1702 558 1739 exercitu
593 1702 750 1739 Romam
777 1701 970 1748 profectus
998 1711 1078 1740 est:
1119 1702 1257 1749 quibus
1290 1704 1396 1743 audi*

277 1771 537 1818 tis,Julianus
567 1773 706 1808 multos
730 1771 872 1809 Romae
898 1770 985 1808 fecit
1009 1783 1228 1819 apparatus,
1258 1773 1395 1819 quibus

279 1841 410 1879 urbem
439 1840 614 1878 muniret.
668 1840 765 1877 Dio
789 1838 926 1887 refert,
954 1840 1112 1877 Romam
1147 1851 1191 1878 eo
1227 1850 1395 1890 tempore

280 1910 322 1949 in
344 1919 462 1948 castra
493 1908 607 1947 fuisse
638 1910 865 1948 conversam,
925 1939 948 1957 „
975 1911 1043 1947 Per
1065 1921 1128 1947 eos
1150 1910 1254 1957 dies,
1280 1908 1394 1960 strip-

286 2007 312 2030 „
338 1978 407 2025 fit,
434 1979 582 2025 Roma,
611 1988 785 2025 tancguam
824 1982 860 2016 in
894 1979 1022 2015 hostili
1056 1988 1180 2026 terra,
1205 1979 1301 2018 nihil
1323 1969 1400 2018 fuit

288 2079 315 2100 ,‚
340 2049 470 2093 aliud,
498 2060 606 2096 quam
633 2057 765 2088 castra.
832 2049 928 2086 Nam
963 2059 1118 2095 magnus
1152 2058 1241 2089 erat,
1259 2051 1401 2091 tumul·

288 2148 315 2168 ,‚
341 2128 402 2156 tus
449 2116 706 2155 stabulantium
755 2118 1078 2165 exercentinmque
1122 2117 1158 2155 se
1198 2118 1363 2158 virorum
1378 2142 1402 2166 ,ι

290 2217 316 2238 „
340 2197 549 2236 equorum,
578 2187 879 2234 elephantorum:
910 2188 1039 2235 ingens
1069 2194 1252 2234 praeterea
1284 2188 1398 2228 timor

292 2285 317 2308 „
342 2256 494 2305 reliquis
522 2255 667 2295 civibus
695 2258 739 2295 ab
768 2257 913 2294 armatis
942 2257 1098 2305 injectus
1125 2243 1205 2305 est,
1231 2257 1396 2310 <quippe

1266 2355 1291 2377 „
1317 2328 1400 2376 qni-
