1487 2850
315 524 591 566 CAPUT
641 523 995 564 PRIMUM.

171 728 415 758 MILITES
461 725 880 758 PRAETOR1AN1‚
922 725 1145 762 QUINAM

235 799 380 827 APUD
423 796 690 825 ROMANOS
738 796 895 824 DICTI
941 795 1077 822 SINT.

157 1222 238 1286 Ut
263 1244 333 1284 rite
364 1244 555 1283 historiam
589 1245 747 1283 militum
783 1244 1098 1285 Praetorianorum
1121 1258 1209 1296 per-

104 1315 316 1364 cipiamus,
352 1324 457 1354 antea
495 1316 760 1364 explorandum
792 1324 877 1363 est,
917 1326 1096 1364 quosnam
1131 1316 1212 1354 Ro-

102 1386 201 1424 mani
233 1386 365 1425 milites
396 1386 664 1424 Praetorianos
693 1385 868 1424 dixerint.

151 1456 271 1504 Legio
306 1456 474 1494 Romana
510 1456 549 1494 in
590 1456 715 1494 decem
756 1455 870 1494 divisa
902 1464 978 1494 erat
1011 1454 1210 1502 cohortes,

108 1537 260 1574 quarum
288 1526 403 1574 prima
427 1527 551 1564 cohors
580 1527 784 1564 Praetoria
816 1525 912 1564 dicta
930 1553 943 1573 ‚
969 1527 1081 1574 longe
1115 1534 1213 1563 cete-

105 1594 159 1633 ris
198 1595 393 1634 eminebat.
461 1596 558 1634 Nam
604 1595 642 1633 in
684 1597 779 1633 hanc
827 1595 1019 1632 cohortem
1064 1595 1214 1633 adscisci

107 1664 272 1720 solebant
300 1665 432 1704 milites
467 1665 654 1712 veterani,
695 1665 761 1713 qui
793 1675 941 1712 operam
973 1664 1038 1701 diu
1067 1665 1140 1712 J'am
1171 1665 1211 1702 in

105 1745 145 1771 re
171 1734 318 1772 militari
345 1734 598 1783 praestiterant
621 1743 657 1772 et
682 1734 823 1772 strenue
847 1734 882 1772 se
908 1734 1103 1782 gesserant.
1156 1733 1209 1772 Hi

103 1803 238 1842 milites
281 1803 506 1842 Praetoriani
543 1802 758 1852 dicebantur
793 1802 876 1852 (1).
944 1792 1116 1851 'Insuper'
1144 1814 1210 1841 co-

105 1874 195 1912 hors
224 1874 286 1912 illa
314 1873 513 1912 excellebat
540 1885 613 1921 eo,
653 1874 757 1922 quod
781 1873 942 1921 Aquila,
984 1873 1125 1922 fignurn
1150 1881 1211 1911 to-

105 1943 182 1982 tius
213 1943 371 1993 legionis
403 1944 617 1992 primarium
631 1946 650 1991 ,'
682 1943 716 1981 ei
758 1952 833 1981 erat
855 1934 1062 1981 commisse.
1113 1944 1208 1993 Ejus

107 2011 287 2061 originem
334 2024 355 2051 a
386 2014 431 2052 P.
472 2011 647 2061 Scipione
694 2011 827 2060 repetit
877 2013 1069 2050 Festus
1112 2013 1206 2062 (2):

1045 2110 1076 2130 „
1103 2083 1211 2121 Prae-

143 2160 195 2197 (1)
215 2159 285 2189 Vid.
307 2159 431 2188 omnino
458 2159 495 2187 de
519 2159 640 2189 nomine
664 2160 964 2194 Praetnrianorum,
994 2159 1027 2189 S.
1056 2158 1208 2190 Pitisci

105 2219 182 2247 Lex.
203 2217 282 2245 Ant.
306 2217 394 2246 Rom.
416 2216 447 2245 in
463 2224 553 2245 voce.

145 2275 199 2314 (α)
217 2275 250 2304 ln
270 2281 359 2303 voce.
