1487 2850
320 204 378 247 30
678 206 1063 257 ORATIO.

315 359 533 405 :Tantus
564 366 698 413 autem
735 362 860 411 animi
895 366 1024 416 ardor
1047 369 1242 420 vJuvtenes
1281 381 1420 440 cepit,

314 440 450 477 tantus
478 435 604 492 Regis
634 443 673 479 et
704 437 868 483 Patriae
914 457 1035 488 amor
1073 450 1223 505 traxit,
1257 461 1304 499 ut
1331 457 1417 513 jam

307 517 402 555 ante
414 543 429 563 „
457 527 577 567 quam
614 523 824 559 crescente
861 520 1071 577 periculo,
1109 527 1168 570 ob
1201 541 1416 590 repentem

308 587 642 640 tumuituantium
673 590 906 648 insaniam,
944 597 1034 642 Rex
1072 601 1181 649 cives
1206 608 1271 651 'ad
1297 624 1415 657 arma

302 668 538 721 evocasset,
573 665 733 723 patriae
757 668 902 725 finium
931 672 1287 728 defendendorum
1317 699 1412 732 cau·

301 741 373 793 sa,
412 741 465 787 ad
503 741 599 786 belli
643 743 828 801 pericula
878 750 1094 799 subeunda
1138 760 1278 816 parati
1317 764 1413 809 fue-

299 815 393 861 rint.
437 836 454 863 ,’
815 865 819 872 ,
1327 872 1330 880 ,

296 919 305 923 -«
357 894 474 951 Quae
511 910 585 939 res·
624 911 717 943 eum
755 899 904 949 habuit
950 915 1195 964 eventum‚·.
1224 922 1270 958 ut
1315 916 1409 962 Rex

292 970 546 1015 celsissimus
588 979 673 1018 tam
701 978 982 1026 excellentium
1022 985 1173 1032 virtute
1210 990 1406 1047 juvenum

290 1059 427 1104 opem
453 1061 647 1094 recusare
691 1053 896 1111 noluerit,
944 1074 1036 1105 eam
1081 1064 1295 1123 flagitante
1335 1071 1407 1115 in-

294 1123 479 1180 gentiad
510 1125 665 1171 bellum
694 1130 809 1177 civile
842 1145 1064 1193 apparatu.
1109 1141 1240 1199 Igitur
1264 1160 1308 1190 se
1329 1162 1407 1192 ac-

288 1199 509 1246 cinxerunt
535 1205 710 1264 amplius
741 1208 909 1255 ducenti
945 1214 1274 1278 quinquaginta,
1304 1226 1403 1281 qui-

290 1277 368 1321 bus
390 1287 534 1336 postea
565 1282 633 1325 alii
662 1299 707 1327 se
732 1285 1031 1345 adjunxerunt,
1068 1301 1107 1339 et
1127 1294 1227 1341 item
1261 1300 1328 1343 alii
1359 1302 1402 1350 in

290 1355 410 1399 aliam
455 1356 639 1402 militiam
691 1376 736 1405 se
787 1364 1110 1426 adscripserunt.
1176 1374 1398 1432 ,Quantum

283 1431 386 1476 illud
407 1433 633 1491 periculum
660 1438 806 1494 fuerit,
840 1457 890 1487 eo
912 1447 1142 1503 probatur,
1168 1454 1285 1508 quod
1310 1469 1398 1501 non

278 1509 418 1557 solun]
451 1518 617 1558 nostrae
658 1515 910 1564 Academiae
946 1524 1101 1570 alumni
1141 1529 1314 1588 aliisque
1351 1534 1397 1578 in

284 1586 420 1642 patria
459 1588 697 1635 Academiis
736 1601 777 1638 et
822 1597 1048 1646 Athenaeis
1092 1605 1295 1666 adscripti
1325 1609 1397 1667 ju-

282 1676 431 1716 venes,
473 1675 595 1720 arma,
617 1671 865 1727 sumserint,
903 1677 978 1720 sed
1014 1679 1137 1725 etiam
1167 1697 1216 1728 ex
1253 1688 1396 1731 omni·

278 1737 362 1782 hus
407 1742 666 1799 regionibus,
723 1748 850 1794 domo
901 1757 1170 1815 cognatisque
1211 1762 1391 1818 relictis,

281 1815 572 1876 cujuscumque
602 1824 761 1869 ordinis
787 1830 1013 1889 aetatisque
1047 1833 1157 1880 cives
1194 1839 1392 1885 volunta-

279 1891 380 1938 riam
411 1895 594 1942 militiam
619 1901 806 1951 fecerint.

272 1989 275 1991 ·
334 1968 510 2015 Nostrae
539 1975 789 2029 Academiae
816 1981 1004 2039 civibus,
1043 1987 1086 2031 in
1123 1989 1224 2034 levis
1255 2006 1388 2038 arma-

268 2052 394 2090 turae
427 2049 598 2095 militum
640 2055 890 2112 cohortem,⁸
920 2072 1091 2109 curante
1130 2066 1238 2111 Viro>
1256 2071 1385 2129 ampl.

268 2120 317 2168 ,1)
335 2137 355 2164 e
384 2125 417 2166 V
435 2125 608 2181 irieu,
644 2133 850 2188 collectis,
885 2137 977 2183 Rex
1009 2141 1156 2188 ducem
1184 2147 1387 2203 praefecit

269 2199 400 2243 armis
424 2200 618 2260 inclytum
647 2208 790 2254 Virum
825 2213 1172 2277 Wi1he1mij‚
1206 2221 1386 2278 adjunc-

278 2275 327 2317 tis
349 2275 442 2320 huic
456 2279 562 2324 Viris
583 2286 756 2330 strenuis
788 2289 899 2334 Van
930 2292 957 2335 d
973 2308 1032 2338 er
1057 2294 1199 2355 Mey,
1223 2297 1383 2354 Juta,

342 2361 345 2364 ⁴
1304 2376 1344 2420 D
1361 2390 1385 2421 e
