1487 2850
278 195 935 241 AsTRONoMICm
1124 207 1170 246 ῃ

72 312 236 358 tionum,
253 310 290 348 in
303 319 376 357 qua
394 307 555 346 medium
572 315 717 356 tempus
732 303 919 343 altitudini
940 303 1077 342 mediae
1099 313 1177 341 res·

69 380 258 429 pondere,
274 386 458 416 censetur.
486 378 662 416 Ceterum
683 378 770 414 haec
795 373 1030 413 altitudinum
1043 384 1176 420 aequa-

68 448 159 487 lium
183 447 380 485 methodus
401 458 586 486 summum
611 444 912 485 Lacaillium
935 443 1176 493 promachum

67 515 200 555 habuit
226 525 262 555 et
285 515 482 555 fautorem.
535 515 588 556 Et
613 525 733 554 tamen
762 513 822 553 hic
839 542 852 563 ,
875 514 932 552 uti
960 512 1070 551 refert
1094 514 1179 552 De·

66 586 311 624 lambrius
327 614 340 633 ‚
368 586 526 635 ingenue
559 585 754 634 professus
787 593 872 631 est,
899 595 939 622 se
962 594 1038 621 non
1063 593 1179 631 posse

68 655 170 693 ultra
195 663 278 703 0⁹,5
309 656 388 693 suis
425 655 684 693 altitudinibus
718 652 1097 702 correspondentibus
1138 651 1182 690 fi-

70 725 157 763 dem
193 725 340 764 habere.
402 725 517 774 Quad
543 733 667 762 utrum
706 722 915 760 etiamnunc
951 733 1080 761 verum
1113 722 1182 759 ha·

77 795 238 834 bendum
273 795 353 843 sit,
398 778 660 832 dubitauerim.
723 792 822 831 Illud
851 800 1002 839 autem,
1038 790 1182 829 etiamsi

71 874 135 903 res
166 864 217 903 ita
246 875 328 902 sese
354 864 505 911 habeat,
558 864 678 902 multo
705 862 814 901 etiam
845 862 961 911 mag1s
988 861 1182 909 dubitem,

74 942 200 971 utrum
231 934 305 972 ulla
343 933 578 972 altitudinum
624 933 853 982 singularum
888 932 1001 970 series
1041 941 1187 979 separa·

77 1002 145 1040 tim
176 1011 472 1052 computatarum
503 1011 645 1041 tantum
682 1003 778 1041 inter
807 1015 848 1040 se
879 1012 1102 1040 consensum
1134 1000 1186 1039 sit

75 1072 273 1121 habitura,
300 1082 477 1120 quantum
506 1073 728 1120 aequalium.
780 1072 843 1111 Ne
876 1072 921 1110 de
952 1072 1097 1110 calculo
1130 1070 1187 1108 di-

73 1153 184 1189 cam,
233 1141 298 1190 qui
325 1142 363 1179 in
395 1143 506 1179 altera
541 1136 718 1180 methodo
749 1150 812 1180 aut
843 1142 967 1179 nullus
1001 1149 1084 1187 est,
1122 1147 1188 1178 aut

76 1210 213 1248 tabulis
241 1210 473 1257 absolvitur,
513 1209 551 1248 in
583 1212 695 1249 altera
733 1222 810 1248 non
850 1211 901 1248 ita
939 1209 1088 1257 quidem
1117 1207 1191 1247 dif-

71 1277 215 1326 ficilis,
260 1278 330 1317 sed
365 1278 638 1327 quodammodo
679 1279 846 1328 ingratus
880 1287 1001 1316 tamen
1039 1287 1077 1316 et
1111 1287 1193 1316 tae-

76 1348 226 1388 diosus.

125 1419 269 1458 Mirum
306 1418 432 1468 itaque
463 1420 583 1459 videri
611 1420 759 1470 possit,
795 1421 986 1460 Gallos
1018 1420 1192 1459 universe

87 1489 347 1528 altitudinibus
378 1490 614 1529 verticalibus
645 1490 731 1538 uti,
757 1502 843 1528 cum
871 1491 1043 1529 universa
1075 1490 1196 1528 Ger-

87 1560 254 1598 mania
276 1560 391 1608 magis
408 1560 623 1608 aequalibus
647 1559 793 1599 faveat:
822 1560 889 1598 sed
919 1561 1010 1599 illud
1029 1560 1194 1598 omnium

86 1629 244 1668 maxime
277 1630 408 1667 mirum
435 1638 518 1677 est,
559 1630 679 1668 virum
707 1629 952 1668 clarissimum
978 1630 1100 1668 Biot
1125 1629 1198 1667 cir-

86 1699 213 1737 culum
237 1699 471 1747 repetitorem
504 1699 542 1737 in
562 1708 729 1749 tempore
754 1699 963 1738 definiendo
986 1699 1060 1748 ipsi
1087 1700 1197 1738 etiam

89 1767 289 1807 meridiano
308 1769 402 1808 tubo
421 1768 623 1818 praeferre:
655 1769 759 1817 quod
774 1771 964 1818 quomodo
979 1770 1076 1808 serio
1094 1769 1198 1818 quis-

91 1850 202 1887 quam
229 1839 404 1877 affirmare
430 1838 581 1887 possit,
608 1838 779 1887 equidem
812 1839 912 1877 haud
939 1839 1196 1880 intellexerim.

141 1909 269 1948 Nobis
301 1908 453 1957 itaque,
478 1908 514 1947 si
538 1908 577 1946 in
605 1917 759 1956 promtu
783 1908 856 1956 sit,
882 1908 975 1946 tubo
997 1910 1198 1950 meridiano

92 1977 152 2016 uti
185 1978 316 2026 liceat,
343 1989 453 2026 quem
475 1987 512 2016 et
535 1978 810 2016 commoditatis
847 1985 886 2016 et
921 1978 1055 2027 rigoris
1090 1989 1202 2018 causa

91 2059 272 2086 amamus.
326 2049 367 2086 Si
401 2048 524 2096 desit,
551 2047 787 2086 altitudinum
824 2047 1029 2094 aequalium
1054 2048 1201 2087 metho-

92 2117 180 2156 dum
210 2116 493 2164 adhibebimus,
534 2129 628 2166 quae
656 2126 744 2165 post
780 2117 1064 2157 culminationes
1091 2118 1201 2157 mini.

93 2197 158 2226 mo
201 2187 320 2226 labori
350 2187 533 2236 optimum
571 2186 697 2237 jungit
738 2195 928 2227 eventum.
1005 2188 1073 2231 Sin
1108 2201 1199 2228 vero

95 2265 158 2296 aut
190 2264 337 2306 tempus
373 2265 526 2306 urgeat,
552 2266 615 2296 aut
654 2265 796 2307 premat
829 2247 977 2298 coelum
1000 2259 1201 2309 nubilum,

1157 2332 1203 2368 ad
