1487 2850
211 191 232 227 8
499 186 1011 227 PRAEFATIO.

206 295 505 343 Antoninorum,
532 295 587 334 Pii
607 307 648 334 ac
667 295 906 344 Philosophi,
935 303 971 334 et
994 295 1205 336 Pertinacis.
1257 294 1313 333 Hi

209 365 393 403 triumviri
438 364 660 404 Diocletiani
700 364 936 414 Imperatoris
973 373 1138 413 tempore
1172 364 1308 403 florue-

208 443 310 473 runt.
362 433 526 472 Tandem
557 434 791 482 pervolutavi
831 434 1200 481 Herodianum,
1241 433 1310 482 qui

207 503 302 542 vixit
330 503 483 541 Saeculo
510 504 577 542 III.
606 504 776 552 ineunte,
804 513 840 542 et
863 504 1004 552 scripfit
1027 504 1235 542 Historiam
1260 503 1306 542 ab

209 572 316 611 obitu
353 573 411 614 M.
446 573 590 612 Aurelii
625 585 745 621 usque
776 575 821 613 ad
857 574 1089 613 Gordianum
1124 573 1200 620 ΙΙΙ,
1239 572 1306 611 Li-

207 641 285 681 bris
319 642 426 682 VIII.

207 738 211 742 -
255 713 289 752 E
307 706 578 752 'recentioribus
609 712 777 751 consului
810 712 1017 762 Justum
1059 712 1308 761 Lipsium

203 781 250 821 de
284 783 431 821 Militia
458 783 565 825 Rom.
599 791 636 821 et
659 782 703 821 de
727 782 992 832 Magnitudine
1017 782 1127 821 Rom.
1142 794 1158 820 .·
1192 781 1308 820 Gib-

204 851 411 900 bonum,
439 852 477 889 in
509 852 654 900 Opere:
684 852 756 890 The
787 852 939 901 History
972 852 1018 900 of
1032 852 1092 890 the
1115 852 1207 889 Fall
1231 849 1311 889 and

203 921 358 961 Decline
383 923 430 969 of
452 922 512 959 the
548 921 696 959 Roman
723 921 904 971 Empirc,·
945 921 1036 968 qui,
1071 922 1117 959 ad
1154 919 1304 958 illorum

201 998 411 1039 temporum
441 990 619 1028 rationem
646 990 716 1026 rite
741 990 1061 1038 cognoscendam,
1096 990 1172 1027 dux
1208 988 1301 1026 mihi

197 1060 368 1109 egregius
397 1059 491 1098 fuit:
523 1067 559 1097 et
590 1058 986 1107 Montesquivii
1016 1058 1181 1097 libellum
1209 1061 1305 1098 cele-

197 1129 505 1176 lebratisfimum‚
533 1129 595 1168 cui
622 1129 755 1167 titulus
782 1137 863 1168 est:
906 1128 1197 1179 Confiderations
1225 1129 1300 1176 sur

198 1201 249 1240 les
276 1199 399 1245 causes
421 1198 464 1237 de
484 1198 524 1237 la
558 1197 762 1238 Grandem·
785 1207 820 1236 et
846 1198 889 1237 dc
923 1199 963 1236 la
990 1197 1209 1237 Decadcnce
1235 1197 1296 1237 des

198 1269 390 1309 Romaim.

623 1637 866 1663 *Qw‘oe-O·

1162 2276 1166 2279 ·
1192 2311 1283 2353 CA-
