1487 2850
422 198 796 242 ORATIO.
1131 194 1164 238 ‘5

40 359 103 402 ·ad
139 359 268 401 ‘finem
306 364 435 400 eatur*
464 355 573 399 civili
615 354 831 398 hominum
880 351 1163 409 conjunctioni

48 433 329 493 propositum.
658 438 661 440 ’
1092 428 1094 430 ’

104 509 160 554 Et
178 524 278 554 sane
306 509 399 566 quis
427 516 574 566 neget,
603 506 890 566 perdifficilem
910 522 999 550 esse
1015 521 1162 563 quaese

43 586 200 630 tionem
253 586 304 630 de
352 585 517 630 civitate
557 586 616 629 ita
661 585 926 637 ordinanda,
978 591 1023 627 ut
1053 583 1157 626 haee

42 662 222 706 maxime
263 662 471 706 conducat
508 662 562 705 ad
608 661 818 721 publicam
864 661 1157 719 privatamque

36 739 386 796 -tranquillitatem
412 746 452 782 et
480 739 840 798 prosperitatem?

102 816 310 860 Plurimae
349 823 445 859 s'unt
476 829 627 859 causae
653 814 776 871 hujus
805 812 1090 866 difficultatis,'
1124 822 1162 858 et

41 892 88 936 in
125 892 207 936 illis
237 893 361 937 etiam
389 893 518 945 haee,
564 893 679 950 quod
710 892 912 949 cujusque
941 891 1090 950 populi
1121 899 1161 936 et

35 969 231 1014 *omnium
279 977 516 1028 temporum
572 969 746 1012 historia
803 969 1032 1013 luculenter
1083 982 1162 1012 nos

44 1046 219 1098 doceat,
269 1061 413 1089 omnes
457 1047 543 1089 fere
585 1053 754 1104 gentes,
795 1059 1058 1103 quacumque
1090 1060 1164 1090 re-

41 1122 207 1180 giminis
245 1123 384 1165 forma
412 1130 652 1175 uterentur,
683 1135 761 1182 per
794 1122 966 1180 aliquod
997 1130 1163 1181 tempus

41 1200 220 1244 maxime
248 1200 468 1254 floruisse3
513 1199 629 1256 quod
659 1199 801 1243 nescio
830 1215 882 1243 an
916 1200 1161 1258 Popeum

40 1276 246 1330 moverit,
289 1283 335 1321 ut
379 1276 595 1334 quaerenti
642 1276 694 1321 de
742 1276 902 1335 optima
943 1275 1161 1335 republica

42 1353 341 1412 responderet,
397 1353 602 1413 optimam
643 1353 878 1397 vocandam
923 1367 1041 1405 esse,
1068 1351 1160 1395 ‘ubi

42 1431 201 1489 optime
235 1431 478 1490 imperatur.
540 1430 740 1475 Fortasse
776 1430 936 1490 optima
973 1436 1034 1474 est
1074 1428 1160 1473 im-

40 1506 146 1565 perii
183 1507 346 1561 forma,
391 1522 498 1564 quae
533 1507 681 1566 populi
718 1515 935 1551 mores'et
975 1506 1159 1549 indolem

41 1584 314 1628 fundamenta
345 1584 502 1634 habet,
531 1584 657 1628 finem
689 1598 789 1628 vero
822 1583 1037 1641 justitiam.
1162 1640 1166 1646 .

97 1659 243 1716 Neque
281 1659 318 1703 is
365 1674 442 1718 ego
477 1675 568 1703 sum
600 1661 653 1704 A.
683 1661 737 1706 A.
772 1661 844 1717 qui
874 1668 1043 1718 putem,
1073 1660 1158 1716 jam

39 1736 96 1780 ab
136 1736 376 1780 hominibus
414 1737 623 1781 iuventam
671 1732 762 1781 esse
812 1737 876 1780 vel
930 1735 1158 1795 excogitari

38 1827 165 1871 posse
191 1812 371 1870 aliquam
393 1813 607 1870 regiminis
631 1813 788 1872 publici
817 1814 1020 1867 formam,
1052 1818 1160 1870 quae

35 1888 95 1932 ita
135 1889 297 1948 optima
333 1897 420 1942 est,
452 1897 497 1933 ut
538 1890 732 1934 omnibus
776 1891 1011 1936 civitatibus
1050 1905 1158 1936 eon-

37 1965 186 2010 veniat.
248 1966 322 2010 Illa
361 1966 528 2023 quidem
570 1982 637 2011 res
679 1975 765 2013 tam
797 1968 956 2026 liquido
986 1984 1010 2012 a
1046 1983 1157 2028 pru-

36 2041 298 2086 dentioribus
339 2042 438 2087 viris
475 2043 573 2087 seiri
611 2045 716 2087 mihi
758 2044 944 2098 videtur,
983 2052 1026 2088 ut
1067 2059 1150 2088 una

34 2119 89 2163 sit
130 2119 316 2163 omnium
364 2135 470 2172 vox,
517 2128 557 2164 et
598 2121 641 2164 in
685 2122 868 2178 ejusdem
922 2123 1152 2166 sententiae

35 2195 158 2239 finem
187 2204 433 2241 cunctorum
463 2205 612 2257 pergat
634 2206 675 2242 et
699 2198 920 2243 conveniat
949 2199 1149 2245 assensio.

94 2273 241 2331 Neque
268 2274 364 2320 ideo
396 2274 447 2320 de
473 2275 633 2335 optima
651 2307 663 2331 ‚
695 2276 746 2321 de
773 2276 959 2336 perfecta
983 2276 1152 2320 civitate

1052 2352 1156 2411 phi-
