1487 2850
499 209 554 255 -Ο
584 211 621 253 R
653 209 695 253 A
724 208 813 254 '1¹⁴1
845 208 899 254 Ο.
1196 210 1253 255 [15

146 386 174 415 t<
202 381 395 415 verum
437 365 612 411 historia
628 398 641 420 ,
694 372 741 410 ut
783 364 1092 410 demonstretur
1132 365 1255 409 simul

147 435 344 502 ‹c-*quamss
368 442 426 487 illi
467 443 577 497 vim,
617 442 701 486 hoc
745 442 949 502 temporis
999 441 1163 502 spatio,
1210 441 1257 484 in

146 538 174 566 ι(
203 520 430 581 Imperium
459 520 699 565 Romanum
728 519 991 564 habuerint”

152 597 343 643 »Ordo-
362 611 491 642 unum
528 596 622 641 tulit
662 610 911 656 responsum
928 627 941 651 ‚
982 596 1065 641 hoc
1104 595 1260 641 Tibulli

145 688 267 719 versu
294 673 573 732 inscriptum:

187 834 351 866 »Phoebe
358 835 468 878 fave!
495 843 598 864 novus
622 833 811 874 ingreditur
829 838 893 863 tua
915 831 1042 873 templa
1065 831 1258 863 sacerdos.¹'

145 990 151 994 ⁷
199 975 330 1034 Cujus
365 981 513 1020 auctor
547 988 643 1020 cum
677 974 932 1033 diligentiam
961 974 1116 1020 Ordini
1142 974 1262 1020 Lite-

143 1053 258 1099 rario
295 1052 495 1111 probavit
525 1051 570 1096 in
610 1052 786 1097 historia
822 1052 1058 1097 enarranda
1088 1051 1261 1096 militum

139 1128 536 1184 *Praetorianorum3
567 1135 656 1172 tum
683 1128 807 1172 etiam
855 1142 1030 1172 acumen
1070 1135 1111 1172 et
1146 1126 1261 1185 judi-

143 1205 255 1250 cium
289 1205 333 1248 in
375 1205 418 1250 ,vi
459 1204 717 1263 exploranda
735 1236 748 1257 ‚
791 1220 918 1262 quam
957 1204 1001 1247 in
1034 1203 1261 1263 Imperium

144 1281 384 1326 Romanum
409 1280 561 1325 milites
590 1281 660 1326 isti
684 1280 933 1326 habuerunt.
975 1281 1139 1339 Quibus
1165 1281 1262 1325 lau-

143 1359 267 1403 dibus
297 1358 498 1403 orationis
529 1358 607 1403 dos
636 1358 823 1412 accedit,
869 1373 976 1416 quae
1010 1357 1202 1418 inprimis
1235 1373 1259 1402 a

142 1435 440 1496 perspicuitate
465 1436 869 1481 commendationem
899 1436 1040 1481 habet.
1093 1436 1261 1494 Quam-

144 1513 489 1572 obremrdignam
513 1513 625 1557 hanc
654 1512 1048 1558 commentationem
1079 1512 1260 1557 Judica-

147 1590 204 1634 vit
232 1590 354 1636 Ordo
369 1622 382 1644 ,
412 1605 519 1648 quae
543 1590 732 1649 praemio
763 1596 998 1634 ornaretur.

200 1746 363 1804 Aperta
404 1753 543 1791 autem
578 1745 738 1790 scidula
752 1776 766 1799 ‚
807 1752 1022 1794 auctorem
1054 1758 1144 1789 esse
1172 1743 1260 1801 ejus

145 1820 303 1882 patuit,

144 1937 328 1982 Sarum
351 1938 636 1982 Adrianum
660 1937 911 1996 Jacobum
939 1938 1259 1990 Groneman,

201 2025 239 2057 ln
265 2027 435 2058 Academia
455 2027 776 2066 Rheno-'rrajectina
799 2026 883 2058 Litt.
914 2026 1009 2057 Hum.
1036 2031 1068 2056 et
1086 2004 1210 2056 ''Theo-

540 2080 641 2120 logiae
668 2079 867 2113 studiosum.

585 2245 837 2253 -———--

1155 2352 1266 2396 OR-
