1565 2865
1245 173 1302 203 11

197 311 462 370 lenburg,
492 313 532 356 J.
567 311 622 355 R.
651 325 715 355 DE
748 310 1015 368 BRUEYS,
1056 312 1201 366 diebus
1239 314 1307 357 lu-

197 402 276 433 nae
294 421 306 441 ,
345 387 515 442 martis,
552 386 771 442 mercurii,
802 387 907 433 iovis
938 396 978 434 et
1002 389 1189 444 veneris,
1223 390 1310 435 ho-

196 480 247 510 ra
276 465 308 510 Ι.

253 545 520 587 Historiam
547 545 954 599 Jarispraclentiae
984 546 1216 586 Romanae
1254 544 1307 588 H.

195 620 571 666 ARNTZENIUS
587 651 600 673 ,
646 619 791 664 diebus
820 620 966 665 martis
996 628 1035 665 et
1065 620 1193 675 iovis,
1226 621 1310 665 110--

194 687 245 742 τά
275 698 310 743 Ι.
344 705 384 742 et
406 692 564 742 Saturni
581 730 593 751 ‚
626 697 732 741 hora
761 697 833 741 IX.

252 778 811 832 Encyclopaediamjaris
832 775 873 821 J.
895 775 949 820 R.
968 791 1032 819 DE
1050 775 1284 821 BRUEYS
1299 809 1312 830 ‚

198 851 344 896 diebus
382 853 503 896 lunae
544 851 650 895 hora
688 852 752 905 X,
795 852 992 896 mercurii
1038 859 1078 896 et
1123 852 1310 905 veneris,

197 927 303 972 hora
339 929 413 972 XI.

255 1006 499 1049 Elementa
530 1008 808 1049 oeconomiae
833 1008 1055 1062 politicae
1087 1005 1127 1049 J.
1162 1005 1217 1056 R.
1245 1022 1309 1050 DE

195 1081 456 1135 BRUEYS,
508 1082 654 1127 diebus
701 1084 848 1135 lunae,
897 1083 1042 1127 martis
1090 1090 1131 1127 et
1179 1082 1311 1137 iovis,

195 1158 303 1203 hora
333 1159 407 1204 XI.

249 1239 334 1280 Jus
364 1244 560 1279 naturae
593 1235 639 1281 C.
671 1237 722 1280 A.
747 1250 852 1281 vAN
883 1236 1184 1291 ENSCHUT,
1217 1238 1309 1282 die-

194 1313 274 1357 bus
311 1313 481 1366 martis,
524 1313 743 1367 mercurii,
786 1313 892 1358 iovis
935 1322 974 1358 et
1003 1315 1192 1369 veneris,
1225 1315 1309 1359 ho-

195 1404 242 1433 ra
272 1390 333 1443 X,
365 1390 470 1434 duce
501 1389 663 1434 Haus.

206 1457 209 1458 ⁷
247 1470 334 1511 Jas
370 1469 611 1523 publicam
660 1453 925 1511 universam
972 1478 1017 1511 et
1062 1472 1308 1527 Belgicam

195 1542 244 1587 C.
275 1543 328 1587 A.
357 1557 463 1586 VAN
485 1542 785 1596 ENSCHUT,
817 1543 965 1587 diebus
992 1545 1164 1598 martis,
1193 1561 1311 1590 mer-

195 1619 326 1673 curii,
355 1619 461 1663 iovis
493 1626 534 1663 et
562 1619 748 1673 veneris,
780 1619 888 1663 hora
915 1620 1009 1665 XII.

246 1700 333 1740 Jas
362 1700 598 1753 gentiam,
639 1696 831 1755 inprimis
859 1701 1160 1754 practicam,
1191 1699 1308 1745 horis

194 1773 443 1819 commodis.

245 1854 334 1895 Jas
376 1852 630 1894 Criminale
678 1854 945 1895 universam
986 1863 1031 1896 et
1060 1853 1306 1912 Belgicam

193 1926 244 1972 C.
275 1927 328 1971 A.
355 1941 461 1972 VAN
489 1926 786 1981 ENSCHUT,
818 1928 966 1974 diebus
989 1921 1158 1985 martis,
1190 1947 1310 1977 mer-

194 2002 323 2058 curii,
353 2003 457 2048 iovis
490 2011 529 2048 et
554 2004 716 2048 veneris
735 2036 747 2058 ‚
778 2005 886 2049 hora
915 2007 986 2051 IX.

248 2083 540 2138 Disputandi
568 2081 961 2139 exercitationibus,
993 2086 1164 2131 alternis
1193 2088 1306 2133 heb-

191 2157 443 2204 domadibus
459 2190 471 2214 ‚
502 2161 727 2218 praeerunt
750 2161 1016 2208 Professores
1039 2164 1084 2208 in
1112 2165 1306 2212 facultate
1378 2163 1381 2168 ’

189 2233 385 2281 Iuridica.

1256 2323 1304 2366 In
