1487 2850
244 209 308 255 48
651 210 1015 257 ORATIO.

305 366 448 410 Palam
475 366 599 424 igitur
629 365 752 422 hujus
785 366 1020 412 certaminis
1050 369 1239 416 Victores
1266 371 1353 416 Vos
1386 397 1390 402 ·

248 443 465 502 proclamo

292 593 654 639 Gerhardum
682 594 1004 654 Regnerum
1036 597 1310 646 Foclkens

781 679 822 716 et
1150 715 1154 720 .
1285 715 1318 721 ,,

245 746 423 792 Sarum
446 747 732 792 Adrianum
753 748 1005 794 Jacohum
1042 750 1351 797 Groneman.

302 900 436 958 Igitur
465 900 741 946 ornatissime
763 902 922 946 Fock
938 905 1064 948 ens!
1100 903 1155 946 ad
1186 918 1253 947 me
1279 916 1355 948 ao-

245 975 394 1030 cedas‚
420 983 465 1020 ut
491 978 720 1036 praemium
744 977 820 1021 tibi
847 978 1027 1024 tradam.

302 1052 395 1097 Hoc
431 1054 620 1112 praemio
666 1061 814 1098 ornata
845 1062 907 1098 est
940 1062 1012 1099 tua
1049 1054 1358 1100 Commentatio

244 1128 297 1174 de
328 1129 487 1189 optima
516 1131 705 1174 locorum
735 1131 1002 1189 longitudinis
1034 1131 1079 1175 in
1113 1131 1218 1176 mari
1249 1131 1357 1175 defi-

244 1206 421 1251 niendae
448 1206 673 1251 methodo:
720 1207 859 1266 palma
886 1208 971 1265 jam
1007 1208 1215 1267 superiori
1244 1221 1356 1261 anno

245 1283 399 1329 Leidae
431 1283 508 1328 tibi
536 1284 613 1328 fuit
644 1283 826 1336 tradita,
870 1284 927 1328 ob
966 1283 1355 1328 commentationem

245 1360 300 1405 de
323 1360 552 1405 latitudine.
598 1360 988 1406 Mathematicarum
1015 1368 1056 1406 et
1084 1361 1357 1420 Physicarum

246 1437 558 1497 disciplinarum
593 1438 635 1481 in
664 1446 811 1483 nostra
834 1439 1062 1484 Academia
1091 1439 1359 1490 Professores

244 1521 285 1559 te
300 1514 587 1573 dignissimum
615 1515 873 1571 habuerunt,
903 1518 1082 1574 quinon
1108 1516 1238 1561 modo
1253 1530 1364 1563 ova-²

246 1605 335 1645 res,
370 1599 514 1636 verum
546 1593 617 1649 qui
644 1592 945 1652 triumphares!

303 1669 369 1713 Ex
404 1669 564 1728 scripto
593 1670 745 1714 horum
782 1670 980 1715 Virorum
1015 1671 1172 1720 clariss.
1205 1670 1361 1729 judicio

249 1745 503 1799 audivimus,
537 1746 579 1789 in
609 1745 900 1790 honestissimo
917 1748 1144 1791 certamine
1159 1748 1210 1792 de
1225 1747 1363 1791 maxi-

246 1838 315 1866 ma
341 1837 386 1867 re
420 1823 624 1867 aemulum
662 1823 741 1867 tibi
784 1823 939 1876 fuisse,
982 1823 1098 1880 cujus
1135 1823 1363 1868 Commen-

233 1900 353 1944 tatio
389 1900 446 1944 ob
481 1915 654 1958 magnas
694 1899 867 1945 virtutes
906 1900 1025 1945 valde
1061 1899 1138 1944 fuit
1165 1900 1364 1954 laudata3

248 1984 320 2021 tua
349 1984 486 2021 autem
515 1977 572 2021 ob
604 1977 785 2034 majores
815 1977 1004 2034 praemio
1038 1976 1117 2020 fuit
1152 1983 1314 2021 ornata.

308 2053 423 2112 Ergo
451 2061 536 2097 tam
566 2052 750 2111 egregius
767 2051 862 2096 licet
879 2052 1013 2096 laudis
1035 2059 1131 2096 tuae
1154 2059 1194 2096 et
1209 2051 1366 2110 gloriae

253 2131 461 2183 aemulus,
492 2129 707 2173 victoriam
733 2136 870 2172 tamen
903 2136 940 2172 et
969 2129 1151 2187 palmam
1179 2129 1257 2172 tibi
1288 2143 1368 2173 ne-

252 2222 333 2264 que
374 2207 597 2266 ancipitem
638 2222 771 2264 neque
809 2206 977 2250 dubiam
1026 2208 1162 2250 facere
1215 2207 1365 2266 potuit.

254 2283 352 2327 Tibi
378 2299 425 2332 cx
455 2284 593 2328 animo
620 2285 805 2342 gratulor
840 2283 950 2327 hunc
986 2283 1212 2337 honorem,
1256 2282 1367 2328 hunc

1290 2360 1370 2404 tri-
