1487 2850
498 202 884 253 QRATIO.
1189 203 1247 248 47

137 362 214 408 hat
248 359 384 406 Ordo.
456 359 521 404 Ne
562 358 670 404 enim
712 366 783 404 aut
828 358 880 403 de
921 357 1110 402 oratione
1125 389 1137 411 ‚
1167 357 1249 401 -cui

138 438 378 494 frequenter
407 437 610 481 Latinitas
642 437 830 490 deesset,
881 444 952 480 aut
988 436 1040 480 de
1073 435 1250 487 ordine,

137 514 182 559 in
206 529 292 572 quo
317 515 579 559 concinnitas
603 515 910 558 desideraretur
925 545 938 567 ,
977 520 1047 556 aut
1076 513 1127 556 de
1152 526 1251 556 ver-

138 591 277 636 bosis:
297 591 677 651 disputationibus,
710 590 865 648 quibus
905 604 1001 634 cum
1041 588 1253 649 praesenti

140 670 289 714 caussa
329 670 431 713 nihil
470 683 725 728 magnopere
775 667 1081 726 conjunctionis
1121 674 1252 719 esset,

139 747 369 804 quidquam
390 746 613 801 ‘dicamus3
648 740 978 791 Christi‘vocum
1005 743 1252 802 explicatio,

140 838 219 869 nec
249 839 298 868 ea
324 838 492 883 semper
524 823 604 867 sibi
639 830 858 876 constans,
890 837 938 866 ex
962 823 1144 865 obscuro
1170 834 1257 879 po-

137 900 221 946 tius
251 912 397 954 sensu,
427 914 555 957 quam
583 907 633 944 ex
660 891 780 944 certa⁴
801 900 937 957 legum
974 897 1259 942 hermeneuti-

108 1003 111 1007 ·
143 992 287 1024 carum
309 977 544 1035 cognitione
560 990 610 1020 ac
633 975 740 1034 justa
761 975 1067 1035 interpretandi
1081 975 1229 1034 peritia
1244 1006 1256 1027 ‚

141 1054 506 1114 proficiscebatur.
569 1053 697 1098 Unde
726 1054 883 1097 factum
909 1060 997 1106 est,
1031 1060 1079 1097 ut
1111 1062 1190 1097 nec
1214 1052 1258 1095 in

143 1132 343 1175 locorum?
365 1131 631 1175 enarratione
667 1130 805 1174 lucida
843 1130 1148 1189 perspicuitas,
1182 1142 1259 1172 nec

141 1208 188 1253 in
216 1208 513 1253 sententiarum
540 1207 790 1267 probatione
817 1207 1058 1264 exquisitior
1095 1206 1261 1250 doctri-

143 1301 224 1340 na,
255 1292 342 1331 nec²
360 1286 404 1330 in
432 1285 762 1330 dissentientium
793 1274 1041 1329 refutat-ione
1070 1283 1260 1328 criticum

144 1371 318 1409 acumen
334 1369 583 1423 appareret.
645 1363 695 1407 In
715 1363 768 1407 ea
799 1369 936 1406 autem
966 1359 1260 1420 disputationis

143 1448 292 1501 parte,
322 1441 395 1485 ubi
426 1441 616 1485 sanctum
647 1437 928 1499 magnumque
971 1439 1128 1483 Christi
1168 1437 1263 1482 ani-

147 1531 287 1571 mum,
319 1525 443 1575 q‘uem
467 1518 612 1562 ultima
654 1517 740 1575 ejus
771 1517 882 1561 dicta
915 1504 1127 1576 prodant,
1168 1517 1265 1560 lau-

149 1594 335 1638 dandum
378 1595 460 1638 sibi
505 1602 787 1655 proposuerat
839 1601 1030 1648 auctor,
1063 1594 1118 1637 de'
1155 1592 1264 1636 illius

149 1671 319 1729 quidem
351 1672 571 1716 sanctitate
614 1673 714 1716 satis
743 1671 1022 1731 probabiliter
1056 1670 1264 1728 quaedam

149 1737 750 1809 monuit3‘magnanimitatem
789 1757 927 1793 autem
974 1763 1068 1792 cum
1111 1748 1264 1807 agendi

150 1825 444 1883 aequabilitate
473 1833 626 1871 temere
671 1826 872 1872 confudit.
930 1827 1019 1871 Nec
1052 1840 1154 1871 vero
1190 1840 1266 1868 ar-

152 1900 608 1961 gumenti1²n0bilissimi
631 1905 713 1947 vim
741 1912 782 1948 et
807 1905 1009 1947 ambitum
1034 1910 1105 1946 aut
1125 1898 1265 1946 mente

152 1987 223 2024 aut
244 1980 434 2025 oratione
461 1982 701 2040 complexus
731 1988 806 2026 est.
850 1982 1124 2040 Quapropter
1144 1993 1266 2023 com-

130 2056 451 2102 'mentationem
493 2058 682 2116 praemio
723 2072 876 2102 ornare
917 2071 1003 2102 non
1036 2062 1265 2115 potuerunt

152 2132 371 2191 Theologi.

630 2258 788 2267 ———

1181 2348 1267 2391 Pa-
