1565 2865
247 189 324 216 XII

301 333 350 375 In
391 329 735 375 FACULTATE
775 328 1036 382 MEDICA,
1079 326 1291 372 docebunt

297 484 594 525 Anatomiam
623 481 664 525 J.
699 481 747 526 L.
784 480 829 525 C.
863 479 1219 525 SCHROEDER
1241 492 1347 524 vAn

239 574 337 602 mm
367 558 556 612 KOLK,
599 565 746 615 quater
787 572 865 617 per
902 557 1060 602 dierum
1107 556 1347 602 hebdoma-

240 635 359 688 dem,
391 635 496 678 hora
520 635 591 679 IV.

294 713 644 768 Physiologiam
662 711 704 756 J.
725 711 773 756 L.
795 711 842 756 C.
866 710 1224 756 SCHROEDER
1240 701 1344 754 vm

238 803 337 831 DER
366 787 556 840 KOLK,
599 787 745 831 diebus
775 788 919 840 lunae,
949 788 1124 841 martis,
1151 785 1347 832 mercurii

239 870 279 906 et
304 862 434 916 iovis,
466 863 572 906 horai
594 864 705 908 VIII.
736 863 952 909 matutina.

297 942 658 982 Disseetionibas
720 942 969 983 Cadaver-is
1025 941 1348 994 Anatomicis,

238 1023 478 1074 opportuno
527 1015 625 1058 anni
666 1022 856 1073 tempore
894 1015 1186 1070 instituendis,
1219 1031 1348 1076 prae-

239 1093 316 1136 erit
361 1092 546 1148 quotidie
587 1092 628 1137 J.
662 1092 709 1136 L.
745 1091 792 1137 C.
839 1091 1201 1138 SCHROEDER
1243 1107 1348 1139 vAN

240 1184 338 1212 DER
371 1168 545 1213 KOLK,

295 1248 621 1301 Pathologiam
659 1253 839 1304 exponet
865 1246 916 1290 B.
949 1246 1000 1290 F.
1033 1244 1348 1302 SUERMAN,

238 1328 303 1364 ter
326 1336 403 1380 per
431 1322 588 1365 dierum
616 1323 951 1376 hebdomadem,
983 1323 1091 1366 hora
1115 1324 1187 1368 IX.

294 1401 570 1442 Doctrinam
610 1403 664 1442 de
706 1403 1025 1456 cognoscendis
1055 1408 1100 1442 et
1128 1404 1349 1445 curandis

38 1459 76 1493 Ψ
235 1478 467 1518 hominum
517 1477 684 1519 morbis
739 1476 781 1521 J.
821 1478 858 1521 1.
891 1477 1348 1532 WOLTERBEEK,

239 1559 407 1608 quater,
438 1551 544 1595 hora
573 1552 668 1598 XII.

298 1631 578 1684 Therapiam
626 1634 915 1685 generalem,
969 1638 1015 1672 et
1065 1640 1350 1688 apparatum

238 1708 614 1758 medicaminum,
663 1716 856 1761 exponet
904 1707 944 1750 J.
986 1707 1021 1752 Ι.
1052 1707 1351 1753 WOLTER-

238 1781 392 1825 BEEK
410 1812 421 1832 ,
453 1790 622 1837 quater,
654 1782 761 1826 hora
791 1783 824 1827 Ι.

296 1861 652 1912 Phar-maciem,
698 1859 923 1903 vernaculo
966 1873 1187 1914 sermone,
1218 1860 1272 1906 N.
1299 1860 1349 1906 C.

237 1949 304 1978 DE
353 1934 662 1989 FREMERY,
721 1936 869 1980 diebus
921 1936 1043 1981 lunae
1090 1944 1130 1981 et
1173 1936 1352 1992 martis,

241 2010 349 2054 hora
379 2011 433 2054 ΙΙ.

298 2091 506 2131 Examen
546 2093 889 2145 aegrotantium
931 2099 976 2134 et
1007 2091 1352 2146 Semeioticam‚

239 2164 283 2208 J.
313 2164 347 2208 Ι.
381 2164 831 2222 VVOLTERBEEK,
862 2167 904 2212 in
947 2168 1208 2213 Nosocomio
1247 2181 1352 2212 aca-

243 2240 430 2295 demico,
459 2241 565 2287 hora
594 2243 644 2288 X.

1263 2323 1295 2363 I
1294 2335 1351 2362 n-
