1487 2850
514 196 914 242 ORATIO.
1219 197 1274 241 [13

164 357 566 412 approximatam,
616 368 741 411 quam
779 360 956 406 vocant,
1005 352 1275 411 longitudinis

168 430 447 489 cognitionem
477 430 660 486 ducunt3
686 431 815 474 multo
855 430 1023 474 uberius
1063 438 1199 474 autem
1232 431 1278 475 in

164 513 362 554 secunda
396 515 520 565 atque
547 511 687 550 tertia
720 515 840 567 parte
866 507 1058 551 Methodi
1094 506 1280 565 longitu-

166 585 307 630 dinem
335 584 557 630 definiendi
576 599 652 644 per
673 587 1002 627 Chronometra
1032 591 1156 640 atque
1182 587 1281 627 dis-

166 666 364 706 tantiam
400 663 519 706 lunae
557 676 581 705 a
619 663 705 705 sole
745 668 785 705 et
827 660 934 705 fixis.
1003 660 1196 717 Denique
1237 660 1281 704 in

169 747 292 799 parte
318 749 490 798 quarta
513 738 696 783 breviter
731 737 970 781 indicantur
996 737 1283 782 conclusiones

130 843 133 847 <
171 831 223 862 ex
244 816 459 874 utriusque
498 816 686 860 Methodi
720 815 1036 874 comparatione
1083 815 1285 874 proficis-

171 902 327 940 centes.
388 894 475 939 Has
516 901 659 952 partes
700 892 759 937 ita
787 900 982 937 accurate
1015 891 1286 951 pertractavit

172 979 347 1025 auctor,
389 979 438 1015 ut
470 986 589 1015 suam
635 985 776 1014 rerum
814 969 1206 1014 Astronomicarum
1247 976 1287 1013 ct

171 1048 564 1094 Mathematicarum
594 1045 904 1105 intelligentiam
921 1078 934 1099 ,
964 1060 1138 1090 acumen
1166 1044 1289 1103 inge-

172 1125 258 1179 nii,
308 1132 432 1182 atque
465 1125 724 1183 diligentiam
759 1123 985 1167 admodum
1025 1122 1290 1166 laudabiliter

173 1202 416 1247 ostenderit.
493 1203 638 1259 Neque
695 1200 804 1244 enim
844 1200 978 1244 solum
1021 1214 1071 1244 ex
1121 1199 1289 1259 optimis

174 1280 362 1324 fontibus
392 1278 611 1323 materiam
649 1277 816 1331 hausit,
852 1292 995 1321 verum
1038 1277 1160 1320 etiam
1198 1291 1289 1320 eam

174 1355 378 1401 subtiliter
417 1363 457 1399 et
497 1369 590 1399 cum
632 1355 787 1412 judicio
831 1354 1050 1413 usurpavit
1089 1361 1129 1398 et
1171 1368 1289 1398 com-

173 1432 352 1491 paravit.
395 1431 583 1476 Tabulas
607 1431 730 1475 etiam
757 1432 939 1475 confecit
965 1439 1004 1476 et
1027 1432 1293 1492 responsioni

177 1509 329 1567 adjecit
372 1508 426 1552 ad
471 1508 742 1566 longitudinis
775 1509 1126 1567 computationem
1170 1517 1291 1569 aptas

176 1593 218 1630 et
241 1586 375 1630 utiles.
437 1585 578 1643 Quare
603 1585 714 1628 hanc
743 1585 1059 1644 responsionem
1096 1586 1292 1631 Facultas

178 1662 367 1720 praemio
399 1659 617 1715 ornasset,
649 1662 730 1706 nisi
771 1662 919 1706 iisdem
955 1670 1080 1720 atque
1117 1664 1294 1721 majori-

178 1738 259 1782 bus
289 1739 411 1782 etiam
460 1739 680 1783 virtutibus
719 1742 876 1794 ssornata
923 1740 1068 1784 fuisset
1109 1742 1293 1785 secunda

179 1815 503 1861 Commentatio.
566 1816 834 1874 Quaestionis
868 1816 1137 1876 partitionem
1168 1819 1294 1863 insti-

179 1892 258 1936 tuit
300 1893 386 1951 ejus
424 1900 597 1947 auctor,
645 1894 777 1951 magis
821 1895 1187 1940 accommodatam
1236 1898 1292 1941 ad

180 1976 314 2014 totam
369 1985 459 2014 rem
510 1971 653 2014 animo
709 1979 748 2015 et
803 1971 1119 2031 investigatione
1171 1988 1294 2018 com-

181 2046 459 2106 plectendam.
520 2046 570 2090 In
594 2046 738 2106 priore
774 2055 896 2107 parte
932 2049 1155 2107 explicavit
1196 2049 1294 2094 Me-

179 2123 363 2177 thodos‚
396 2129 500 2181 quas
524 2124 677 2168 rectius
701 2128 747 2167 in
776 2127 1128 2169 Astronomicas
1154 2136 1292 2185 atque

180 2218 268 2244 non
296 2203 646 2245 Astronomicas
677 2201 839 2257 divisit,
880 2211 1005 2261 atque
1035 2204 1185 2249 deinde
1216 2205 1294 2249 has

178 2277 402 2323 methodos
429 2279 678 2324 examinavit
700 2287 825 2338 atque
837 2280 946 2326 inter
959 2296 1004 2327 se
1018 2283 1292 2357 comparavit.

1161 2360 1295 2404 Prae-
