1487 2850
536 220 902 264 ORATIO.
1218 219 1274 261 ³7

222 380 258 425 A
294 379 408 436 Rege
432 385 566 422 autem
587 410 601 432 ,
634 378 770 422 edicto
795 378 836 421 d.
874 382 926 421 10
956 393 1012 421 m.
1042 377 1142 420 Dec.
1171 375 1269 418 anni

160 455 415 515 superioris,
447 455 481 499 P
496 470 519 497 a
533 470 555 498 r
570 470 593 498 a
611 471 632 498 v
647 469 673 498 ο
694 452 894 498 suffectus
922 461 962 497 et
993 453 1142 498 Ordini
1174 453 1269 496 lite-

161 531 276 576 rario
304 531 539 591 adscriptus
585 539 647 575 est
691 531 829 574 adhuc
872 530 984 590 apud
1021 529 1270 586 Franeque-

160 622 288 652 ranos
317 608 398 653 Lit.
429 607 577 652 orient.
608 608 828 652 Professor
853 608 901 649 V.
934 607 995 650 (31.
1022 607 1045 650 J
1063 608 1269 651 acobus

160 684 479 730 Cornelius
554 683 941 744 Swyghuisen
1020 685 1270 728 Groene-

158 777 285 809 wou
300 762 327 806 d
346 794 359 816 ,
383 761 632 806 Academiae
662 761 822 805 Rheno
840 761 1104 818 Trajectinae
1134 761 1271 804 alum-

157 853 264 892 nus,
302 839 519 882 Paravi
558 853 723 896 quoque
766 838 1003 897 discipulus.
1075 838 1112 881 A
1154 838 1272 895 cujus

157 913 248 959 Viri
290 913 493 958 industria
541 922 582 959 et
631 914 859 958 eruditione
899 914 1057 974 optima
1101 915 1270 971 quaevis

157 991 304 1035 merito
335 1006 530 1050 sperare,
565 991 650 1035 imo
683 999 949 1050 exspectare,
981 990 1103 1035 nobis
1132 991 1239 1035 licet.

212 1067 412 1111 Nostrum
428 1075 563 1113 autem
588 1068 791 1113 Ordinem
812 1083 968 1128 nuper,
988 1068 1127 1127 primo
1146 1068 1268 1126 hujus

154 1144 307 1188 mensis
331 1144 422 1198 die,
448 1145 504 1188 ita
528 1159 702 1189 numero
724 1146 816 1189 Rex
844 1144 984 1198 auxit,
1009 1152 1055 1189 ut
1081 1145 1134 1189 ad
1158 1151 1268 1188 tem-

153 1235 233 1280 pus
271 1219 474 1280 adscripti
513 1220 596 1264 sint
632 1221 836 1265 JCtorum
877 1221 1030 1266 Ordini
1075 1221 1164 1266 Viri
1204 1222 1268 1267 Cl.

153 1297 387 1342 Holtius
419 1306 459 1342 et
488 1299 856 1358 Ackersdyk3
890 1298 1098 1342 Facultati
1135 1299 1267 1343 disci-

150 1375 358 1435 plinarum
386 1375 772 1420 mathematicarum
800 1382 839 1419 et
865 1376 1160 1436 Philosophiae
1186 1392 1267 1420 na-

149 1452 294 1496 turalis
337 1452 425 1496 Viri
464 1452 526 1498 Cl.
561 1467 662 1497 van
707 1453 849 1498 Rees
888 1461 928 1498 et
968 1454 1265 1513 Bergsma3

152 1527 304 1574 Ordini
338 1528 520 1573 literario
558 1529 608 1575 V.
638 1529 700 1574 Cl.
726 1529 1019 1585 Visscber3
1056 1531 1101 1574 in
1141 1532 1267 1577 variis

152 1604 414 1649 Academicis
458 1605 636 1663 Belgicis
682 1613 779 1650 ante
822 1606 1038 1665 Belgicum
1080 1610 1265 1654 furorem

151 1682 430 1726 Professores.
493 1682 654 1735 Vobis,
689 1697 796 1739 quos
836 1697 886 1727 ex
918 1684 996 1728 illis
1033 1684 1101 1728 hic
1134 1700 1265 1744 prae-

150 1765 288 1802 sentes
314 1758 461 1811 video,
489 1759 665 1801 faustum
715 1759 768 1802 ad
805 1774 883 1803 nos
913 1760 1133 1804 adventum
1165 1778 1266 1821 gra-

149 1834 277 1879 tulor.
335 1833 488 1878 Omnia
521 1835 653 1878 Vobis
681 1834 740 1878 ita
775 1835 951 1890 cedant,
981 1845 1026 1881 ut
1056 1846 1192 1882 vestra
1219 1840 1264 1884 in

150 1909 232 1954 hac
261 1910 488 1954 Academia
517 1912 795 1956 commoratio
825 1912 928 1972 ipsis
958 1913 1092 1958 Vobis
1115 1915 1168 1959 sit
1193 1916 1265 1974 ju-

149 1987 428 2041 cundissima,
457 1988 709 2032 Academiae
736 1988 916 2033 vicissim
942 1989 1129 2035 utilitatis
1143 1991 1262 2036 sruc-

148 2071 215 2108 tus
243 2061 395 2108 afferat
423 2064 681 2109 uberrimos!

209 2140 322 2184 Inter
357 2140 580 2184 laetissima
606 2149 742 2185 autem
765 2157 871 2199 quae
898 2141 982 2186 hoc
1009 2157 1121 2187 anno
1143 2144 1262 2189 Aca-

152 2217 310 2262 demiae
335 2217 619 2277 contigerunt,
647 2218 827 2278 primum
862 2226 974 2264 certe
999 2234 1146 2265 omnes
1169 2236 1264 2265 me·—

155 2309 247 2338 cum
274 2294 437 2339 habetis
472 2295 522 2340 A.
553 2296 605 2340 A.
634 2295 749 2353 quod
775 2297 929 2340 frustra
970 2295 1264 2342 Schro'de-

1151 2390 1209 2419 ru
1225 2392 1266 2419 m
