1487 2850
265 196 314 247 64
471 196 1148 239 COMMENTATIO

315 306 377 356 37¹:
405 305 616 345 distantiae¹
633 308 800 346 variatio
817 318 890 359 per
913 308 954 356 3¹²
974 322 1029 348 =
1051 317 1191 362 tempus
1223 311 1370 360 quaesi-

262 385 342 416 tum
365 389 381 414 .·
402 375 617 424 dafferentia
647 376 852 415 distantiae
876 389 902 414 a
919 381 1088 428 proxime
1110 379 1367 429 antecedenti,

258 457 353 494 quae
381 446 524 484 scilicet
551 446 590 483 in
614 447 789 484 methodo
813 446 1093 494 distantiarum,
1122 449 1291 493 quotidie
1312 460 1371 487 re·

258 514 390 554 currit.
453 515 550 554 Aliis
573 516 681 554 etiam
705 516 1014 564 proportionibus
1045 517 1235 556 solvendis
1263 517 1370 557 adhi-

258 582 416 633 bentur,
453 584 492 623 in
521 585 659 634 quibus
688 597 821 633 arcus,
860 586 1055 635 gradibus,
1094 587 1275 635 minutis,
1308 598 1369 626 se-

256 655 391 694 cundis
415 656 603 704 expressi,
629 665 830 694 occurrunt
848 668 931 694 cum
950 656 1208 704 temporibus,
1235 656 1369 705 horis,

257 723 440 772 minutis,
467 724 661 773 secundis,
689 725 891 774 expressis.
943 725 1018 764 Sed
1042 725 1110 764 hac
1131 725 1178 763 de
1203 736 1242 764 re
1268 736 1369 765 nuuc

255 801 335 830 non
356 793 517 842 agimus,

307 859 486 900 Ceterum
515 862 729 913 Mackay
761 863 849 902 satis
885 863 1114 913 ingeniosam
1148 865 1367 905 methodum

255 932 512 980 excogitavit,
547 934 653 982 Juxta
689 945 798 981 quam
831 944 878 972 ex
920 933 966 972 iis
1007 934 1365 983 observationibus,

256 1011 353 1048 quae
380 1001 607 1050 longitudini
638 1003 876 1051 reperiundae
906 1004 1136 1054 inserviant,
1185 1005 1299 1043 simul
1328 1013 1368 1044 et

255 1070 350 1110 hora
375 1079 413 1110 et
443 1072 599 1111 altitudo
623 1074 701 1122 poli
728 1073 943 1123 investigari
966 1074 1105 1123 possit.
1158 1074 1234 1114 Sed
1252 1075 1367 1126 hujus

257 1141 530 1190 explicatione,
556 1143 699 1192 quippe
720 1144 921 1193 proposito
934 1153 1067 1183 nostro
1088 1145 1212 1183 minus
1229 1155 1369 1184 conve-

256 1209 410 1261 niente,
441 1213 724 1261 supersedemus
752 1213 836 1264 (1).

426 1340 709 1384 CAPUT
758 1344 1203 1396 QUARTUM.

360 1474 682 1503 ME'rl-lonus
732 1475 1268 1506 CHRONOMETRICA.

749 1585 863 1633 §1-

324 1709 560 1763 Principium
587 1713 761 1754 methodi.
812 1715 1022 1756 Structura
1044 1717 1308 1761 chronometrt.

310 1826 604 1867 Fundamentum
638 1831 750 1880 hujus
783 1832 949 1871 methodi
984 1833 1156 1874 facillime
1193 1839 1374 1888 perspici-

258 1903 335 1935 tur.
389 1897 562 1937 Vidimus
589 1900 713 1947 enim,
741 1901 898 1939 inveniri
930 1904 1199 1952 longitudinem
1225 1920 1245 1946 e
1267 1920 1372 1949 com-

257 1967 450 2016 paratione
491 1969 606 2008 horae
641 1971 831 2009 meridiani
868 1972 978 2020 primi
1011 1985 1096 2012 cum
1134 1976 1225 2016 hora
1260 1980 1371 2018 meri-

256 2037 355 2076 diani
387 2039 524 2079 nostri.
578 2040 709 2088 Itaque
736 2041 769 2079 si
807 2041 917 2090 quis,
957 2042 1175 2094 ubicunque
1206 2059 1370 2087 versare-

1261 2128 1344 2158 mur
1353 2147 1369 2169 ,

278 2227 282 2230 ·
299 2219 353 2258 (ι)
373 2220 560 2255 Mackay,
579 2223 603 2251 1.
622 2223 646 2250 1.
666 2223 700 2257 1,
722 2230 787 2261 194.
809 2225 905 2262 Lax,
925 2226 1082 2260 Nautical
1098 2228 1260 2261 Atmanac.
1281 2235 1368 2268 1829.

262 2278 341 2306 Van
365 2277 574 2313 swinden,
599 2279 626 2311 Ι.
652 2280 675 2308 1.
704 2287 770 2315 217.
