1487 2850
186 233 271 275 v'38
582 223 871 271 ORAfrJ
900 223 949 266 O.

214 401 327 432 rum
374 397 489 428 van-
525 382 626 424 der
672 378 884 430 Kolck,
924 377 976 422 V.
1021 375 1327 437 CLVCollegam

214 461 337 507 nobis
353 455 733 514 conjunctissimum
747 486 758 507 ,
786 452 998 511 discipulis
1016 449 1323 509 optatissimum

216 541 562 595 praeceptorem,
601 532 681 576 sibi
722 531 931 575 vindicare
971 527 1128 582 studuit
1169 525 1327 578 Schola

220 609 616 660 Amstelodamensis
647 608 806 652 clinica.

276 692 373 748 Quo
411 688 544 746 magis
591 685 714 731 nobis
765 692 805 728 et
843 681 1097 728 Academiae
1143 678 1334 723 timenda

218 768 437 813 videbatur
465 773 534 809 tua
566 764 664 807 hinc
693 761 946 822 profectio,
966 775 1016 804 eo
1037 758 1179 816 vmajus
1224 772 1331 816 gau-
1390 767 1397 775 ·

221 845 333 892 dium
359 841 542 887 omnium
565 839 727 883 animos
756 836 964 897 perfudit,
998 836 1165 893 Collega
1197 848 1334 892 exop-

216 920 443 969 tatissime!
485 931 614 974 quum
653 914 911 966 novissent,
933 920 1093 956 tantam
1133 911 1245 970 apud
1292 917 1335 953 te

219 996 394 1044 valuisse
421 994 531 1036 hanc
559 990 849 1042 Academiam,
890 996 1051 1032 tantam
1085 987 1244 1045 regiam
1282 985 1335 1036 ad

219 1089 316 1137 eam
354 1069 638 1120 evocationem
656 1100 667 1122 ,
702 1075 747 1112 ut
788 1066 1072 1123 Trajectinam
1115 1063 1335 1111 stationem

222 1146 606 1196 Amstelodamensi-
628 1144 949 1203 anteposuisse&
1011 1164 1013 1166 ·

281 1227 426 1282 Neque
456 1225 590 1268 solum
631 1221 882 1266 Academiae
924 1220 1047 1278 hujus
1088 1218 1337 1268 Curatores,

224 1304 491 1348 Professores
522 1308 647 1357 atque
674 1298 986 1356 disciplinarum
1018 1293 1233 1346 Studiosi,
1262 1307 1338 1336 ve-

224 1395 318 1425 rum
357 1386 396 1423 et
431 1377 547 1421 urbis
583 1375 706 1432 hujus
743 1374 1049 1432 Magistratus,
1073 1386 1155 1431 pro
1195 1369 1339 1414 suain

226 1455 495 1507 Academiam
547 1451 863 1505 benevolentia,
905 1450 982 1494 tibi
1025 1449 1338 1508 probaverunt,

225 1548 353 1591 quam
378 1546 551 1589 magnus
576 1529 678 1588 ipsis
699 1535 831 1572 metus
857 1527 980 1571 fuerit
995 1559 1007 1579 ,
1031 1541 1083 1569 ne
1112 1523 1340 1569 Academia

225 1609 461 1664 ¹eruditione
487 1615 563 1650 -tua
593 1606 850 1665 privaretur.
894 1604 987 1648 Hoc
1027 1603 1104 1647 tibi
1143 1617 1343 1661 praeser-

228 1687 304 1731 tim
328 1692 491 1743 gratum
505 1715 517 1736 ,
544 1681 731 1727 societati
749 1681 1008 1725 utilissimum
1033 1680 1207 1733 accidit,
1229 1678 1345 1736 quod

227 1775 478 1807 vesanorum
502 1758 729 1817 hospitium
750 1758 793 1800 in
817 1758 898 1800 hac
919 1758 1024 1800 urhe
1038 1789 1049 1807 ‚
1081 1764 1121 1800 te
1144 1763 1344 1814 rogante,

233 1837 529 1896 amplificatum
567 1834 691 1878 suerit
728 1840 767 1877 et
808 1833 862 1876 ad
905 1833 1117 1876 meliorem
1142 1833 1347 1876 rationem

233 1912 487 1957 ordinatum.
546 1910 682 1954 Tuum
711 1908 836 1966 igitur
866 1908 1082 1952 consilium
1107 1909 1168 1952 uti
1195 1907 1346 1961 nobiS,

230 1989 333 2037 huic
365 1986 623 2041 Academiae
653 1993 693 2029 et
731 1985 826 2029 urbi
861 1987 1141 2043 gratulamur,
1176 1985 1235 2029 ita
1272 1985 1350 2029 tibi

240 2073 282 2109 ut
316 2078 482 2122 semper
509 2061 708 2121 gratulari
736 2061 972 2120 possimus,
1010 2077 1059 2106 ex
1090 2062 1230 2106 animo
1265 2076 1350 2122 op.-

238 2151 390 2186 tamus.
629 2188 632 2191 ,

229 2259 234 2262 .
296 2218 488 2275 Denique
519 2216 705 2273 ‹quando
755 2216 798 2259 in
842 2216 929 2260 Vos
962 2215 1107 2260 oculos
1148 2214 1348 2273 conjicIO,

236 2297 417 2340 Juvenes
458 2293 684 2345 academici
720 2291 999 2341 dilectissimi!
1042 2293 1180 2351 palam
1214 2292 1350 2351 profi-

1272 2366 1350 2411 teri
