1487 2850
249 216 914 265 AS‘TRONOMICA.
1099 229 1153 272 95

44 333 108 372 cul
131 330 231 370 omni
263 329 379 368 dubio
403 329 529 379 posita
554 330 639 369 erit.
690 329 789 369 Dein
825 328 963 378 insigni
994 327 1154 369 collecto

44 412 199 441 numero
226 399 528 438 observationum
542 428 556 448 ‚
574 400 727 438 antehac
747 428 760 448 ‚
783 399 940 448 exempli
961 399 1075 450 gratia
1093 410 1159 440 an-

46 482 97 510 no
127 483 247 519 1700,
304 470 343 508 in
380 458 535 508 diversis
573 470 668 509 locis
700 470 984 518 institutarum,
1037 471 1159 519 iisque

51 541 180 580 eodem
209 541 322 578 modo
351 539 563 588 supputatis
580 568 593 587 ,
619 539 786 588 prodibit
822 540 890 577 alia
920 550 1032 578 axeos
1059 551 1160 590 mag-

47 609 161 649 netici
187 609 354 659 positio,
383 620 493 658 quem
532 609 676 647 scilicet
698 617 850 658 apparet
879 609 1021 648 moveri
1052 609 1156 647 loco.

50 678 180 718 Tertia
202 679 363 727 denique
387 679 499 716 series
525 678 669 715 tertiam
694 678 921 725 positionem
947 676 1161 726 exhibebit,

50 760 146 798 quae
175 749 314 788 sicum
343 748 486 786 duabus
516 747 773 797 superioribus
794 747 833 785 in
860 758 993 796 magno
1028 747 1162 796 sphae-

51 831 112 857 rae
144 819 285 862 circulo
330 818 454 867 posita
495 817 569 865 sit,
621 826 659 856 et
696 826 840 857 motum
875 817 1013 856 indicet
1048 827 1161 856 axeos

54 888 248 927 intervallo
279 888 460 938 temporis
488 888 837 937 proportionalem,
877 887 974 927 facili
1010 888 1162 937 negotio

53 969 123 1006 pro
162 958 299 1007 quovis
335 967 500 1007 tempore
535 957 665 996 futuro
710 958 850 1007 positio
894 958 1007 1007 hujus
1050 967 1162 996 axeos

54 1027 233 1077 assignari
252 1028 418 1077 poterit,
444 1028 605 1077 indeque
627 1039 697 1078 pro
723 1028 859 1077 quovis
880 1028 1024 1067 telluris
1045 1038 1165 1077 punc·

58 1105 100 1136 to
138 1098 334 1136 declinatio
366 1110 453 1137 acus
480 1108 516 1137 et
541 1098 732 1137 inclinatio
759 1111 780 1137 a
807 1099 925 1148 priori
952 1097 1162 1147 supputari.

60 1166 166 1216 Quae
185 1179 243 1205 res
272 1179 348 1216 quo
384 1168 514 1206 utilior
546 1177 603 1207 est
631 1178 668 1207 et
693 1180 770 1217 quo
794 1169 909 1218 magis
941 1177 1091 1217 optata,
1119 1179 1165 1207 eo

54 1235 254 1274 dolendum
280 1238 417 1286 magis,
449 1239 554 1286 quod
574 1239 822 1287 experimenta
845 1240 1040 1287 hucusque
1060 1237 1169 1277 insti·

55 1311 136 1343 tuta
160 1305 368 1355 hypothesi
388 1315 537 1347 nostrae
561 1308 848 1360 haudquaquam
867 1308 993 1349 favere
1018 1307 1168 1349 videan-

54 1380 134 1415 tur.

1028 2358 1176 2402 PARS
