1565 2865
1173 203 1266 237 XXI

200 351 474 394 Doctrinam
521 365 700 391 morum
732 348 1061 394 'Christianam
1093 345 1263 391 docebit

141 426 196 472 H.
228 427 267 471 J.
299 424 648 478 ROYAARDS,
694 424 841 468 diebus
868 425 1013 478 lunae,
1044 424 1189 469 martis
1222 434 1260 469 et

141 503 365 559 mercurii,
395 503 502 548 hora
528 503 560 547 I.

199 566 434 639 Praecepta¹
453 582 716 623 homiletica
742 579 880 623 tradet
910 579 950 622 J.
977 578 1264 631 HERINGA,

140 656 193 704 E.
225 656 275 702 F.
309 657 457 702 diebus
489 659 618 702 lunae*
641 665 681 702 et
710 657 840 710 iovis,
874 657 980 700 hora
1008 656 1122 701 VIII.

195 737 570 778 Exercitationes
608 738 841 778 oratorias
871 751 1033 777 sacras
1062 733 1266 776 modera-

139 810 255 856 bitur
276 812 318 857 J.
335 811 623 866 HERHWA,
646 812 699 858 E.
720 811 771 857 F.
806 813 872 856 die
893 811 1079 864 saturni,
1106 810 1213 854 hora
1230 811 1262 853 l.

203 890 365 944 Officia
393 894 632 933 doctorum
662 899 707 933 et
738 892 1003 932 antistitum
1031 891 1078 930 in
1096 890 1268 931 Eccle-

139 968 211 1009 sia
244 968 513 1010 Christiana
543 973 723 1025 exponet
751 966 792 1010 J.
825 965 1113 1019 HERINGA,
1145 963 1261 1009 E.F.

140 1041 288 1086 diebus
316 1044 460 1087 martis
494 1051 532 1088 et
563 1043 749 1098 veneris,
782 1044 890 1087 hora
919 1042 1037 1087 VIII.

195 1122 467 1163 Puerorum
487 1121 706 1164 doctrinae
732 1119 995 1164 Christianae
1008 1116 1137 1163 initiis
1155 1135 1267 1161 eru-

139 1199 413 1240 diendorum
465 1198 803 1243 exercitationem
847 1198 1037 1242 instituet
1075 1196 1117 1242 J.
1163 1196 1265 1241 HE-

137 1275 356 1330 RlNGA,
387 1276 438 1320 E.
470 1275 522 1321 F.
556 1276 622 1320 die
653 1276 845 1329 veneris,
873 1275 983 1319 hora
1008 1274 1082 1319 XI.

200 1352 592 1408 commilitonibus,
637 1357 870 1406 orationes
900 1353 1157 1397 habentibus
1189 1370 1270 1395 sa-

141 1446 272 1484 cras,
303 1431 521 1491 praesides
551 1432 730 1476 aderunt
758 1431 800 1477 J.
826 1431 1118 1485 HERINGA,
1149 1430 1201 1474 E.
1219 1429 1269 1474 F.

134 1508 209 1569 ‚die
237 1510 405 1563 martis,
435 1509 602 1565 horaI;
645 1510 697 1554 H.
723 1510 1005 1563 BOUMAN,
1037 1509 1104 1553 die
1120 1509 1267 1562 lunae,

140 1585 251 1629 hora
278 1587 327 1643 13
375 1593 416 1631 et
458 1586 512 1632 H.
556 1586 598 1632 J.
639 1586 990 1640 ROYAARDS,
1036 1586 1103 1630 die
1139 1585 1269 1638 iovis,

141 1661 252 1707 hora
276 1663 313 1708 I.

198 1738 388 1784 Publicis
427 1742 702 1797 disputandi
743 1740 1115 1785 exercitationibus
1143 1755 1269 1800 prae·

143 1823 287 1870 erunt,
332 1817 502 1861 alternis
540 1819 909 1873 hebdomadibus,
949 1819 1016 1864 die
1042 1819 1267 1872 mercurii,

139 1892 249 1937 hora
292 1893 327 1940 I.
380 1895 641 1950 alternatim,
682 1897 725 1942 J.
766 1897 1058 1952 HERINGA,
1101 1898 1153 1942 E.
1186 1897 1264 1952 F.‚

140 1970 196 2015 Η.
227 1971 482 2017 BOUMAN
513 1981 558 2017 et
586 1973 639 2019 Η.
671 1974 712 2019 J.
746 1974 1085 2019 ROYAARDS.

199 2048 253 2094 G.
283 2063 389 2094 vAN
424 2050 665 2106 OORDT,
697 2051 774 2096 etsi
800 2066 877 2096 suo
908 2059 1060 2111 rogatu
1085 2051 1267 2096 honori-

139 2124 219 2172 fice
249 2141 274 2170 a
303 2127 422 2186 Rege
452 2128 647 2174 dimissus
682 2137 771 2183 est,
817 2129 1090 2176 libentissime
1126 2137 1268 2175 tamen

141 2217 216 2248 sua
239 2203 379 2250 officia
406 2212 447 2250 et
472 2206 671 2262 consilia,
704 2207 844 2265 quoad
868 2208 960 2253 eius
990 2209 1079 2253 fieri
1106 2208 1264 2268 possit,

1193 2285 1265 2327 os-
