<?xml version="1.0" encoding="UTF-8"?>
<!DOCTYPE html PUBLIC "-//W3C//DTD XHTML 1.0 Transitional//EN"
    "http://www.w3.org/TR/xhtml1/DTD/xhtml1-transitional.dtd">
<html xmlns="http://www.w3.org/1999/xhtml" xml:lang="en" lang="en">
 <head>
  <title>
</title>
<meta http-equiv="Content-Type" content="text/html;charset=utf-8" />
  <meta name='ocr-system' content='tesseract 3.04.00' />
  <meta name='ocr-capabilities' content='ocr_page ocr_carea ocr_par ocr_line ocrx_word'/>
</head>
<body>
  <div class='ocr_page' id='page_1' title='image "annalesacademiae30acad_0136.png"; bbox 0 0 1487 2850; ppageno 0'>
   <div class='ocr_carea' id='block_1_1' title="bbox 223 190 1121 246">
    <p class='ocr_par' dir='ltr' id='par_1_1' title="bbox 223 190 1121 246">
     <span class='ocr_line' id='line_1_1' title="bbox 223 190 1121 246; baseline -0.006 -12"><span class='ocrx_word' id='word_1_1' title='bbox 223 208 270 246; x_wconf 73' lang='lat'>3⁸</span> <span class='ocrx_word' id='word_1_2' title='bbox 454 190 1121 243; x_wconf 81' lang='lat' dir='ltr'>COMMENTATIO</span> 
     </span>
    </p>
   </div>
   <div class='ocr_carea' id='block_1_2' title="bbox 212 299 1397 2097">
    <p class='ocr_par' dir='ltr' id='par_1_2' title="bbox 212 295 1397 2097">
     <span class='ocr_line' id='line_1_2' title="bbox 219 299 1338 361; baseline -0.007 -19"><span class='ocrx_word' id='word_1_3' title='bbox 219 303 338 361; x_wconf 74' lang='lat' dir='ltr'>dicit,</span> <span class='ocrx_word' id='word_1_4' title='bbox 363 302 438 352; x_wconf 78' lang='lat' dir='ltr'>·ita</span> <span class='ocrx_word' id='word_1_5' title='bbox 475 304 550 351; x_wconf 88' lang='lat' dir='ltr'>jam</span> <span class='ocrx_word' id='word_1_6' title='bbox 597 301 799 349; x_wconf 80' lang='lat' dir='ltr'>exhaustus</span> <span class='ocrx_word' id='word_1_7' title='bbox 831 309 869 339; x_wconf 89' lang='lat' dir='ltr'>et</span> <span class='ocrx_word' id='word_1_8' title='bbox 908 311 1020 348; x_wconf 88' lang='lat' dir='ltr'>egens</span> <span class='ocrx_word' id='word_1_9' title='bbox 1054 299 1165 349; x_wconf 76' lang='lat' dir='ltr'>fuit,</span> <span class='ocrx_word' id='word_1_10' title='bbox 1203 295 1338 349; x_wconf 69' lang='lat' dir='ltr'>ut-sti·</span> 
     </span>
     <span class='ocr_line' id='line_1_3' title="bbox 219 370 1335 424; baseline -0.002 -12"><span class='ocrx_word' id='word_1_11' title='bbox 219 373 351 424; x_wconf 81' lang='lat' dir='ltr'>pendia</span> <span class='ocrx_word' id='word_1_12' title='bbox 386 371 571 418; x_wconf 88' lang='lat' dir='ltr'>militum,</span> <span class='ocrx_word' id='word_1_13' title='bbox 597 379 634 408; x_wconf 91' lang='lat' dir='ltr'>et</span> <span class='ocrx_word' id='word_1_14' title='bbox 661 370 856 409; x_wconf 85' lang='lat' dir='ltr'>commoda</span> <span class='ocrx_word' id='word_1_15' title='bbox 892 377 1150 408; x_wconf 87' lang='lat' dir='ltr'>veteranorum</span> <span class='ocrx_word' id='word_1_16' title='bbox 1188 379 1335 420; x_wconf 90' lang='lat' dir='ltr'>protra-</span> 
     </span>
     <span class='ocr_line' id='line_1_4' title="bbox 223 437 1329 489; baseline 0 -9"><span class='ocrx_word' id='word_1_17' title='bbox 223 443 261 485; x_wconf 83' lang='lat' dir='ltr'>hi</span> <span class='ocrx_word' id='word_1_18' title='bbox 287 453 327 480; x_wconf 86' lang='lat' dir='ltr'>ac</span> <span class='ocrx_word' id='word_1_19' title='bbox 357 439 500 479; x_wconf 88' lang='lat' dir='ltr'>differri</span> <span class='ocrx_word' id='word_1_20' title='bbox 527 438 673 477; x_wconf 88' lang='lat' dir='ltr'>necesse</span> <span class='ocrx_word' id='word_1_21' title='bbox 707 438 798 477; x_wconf 90' lang='lat' dir='ltr'>esset</span> <span class='ocrx_word' id='word_1_22' title='bbox 812 440 879 489; x_wconf 86' lang='lat'>(1)</span> <span class='ocrx_word' id='word_1_23' title='bbox 897 438 941 486; x_wconf 87' lang='lat'>),</span> <span class='ocrx_word' id='word_1_24' title='bbox 968 437 1095 487; x_wconf 88' lang='lat' dir='ltr'>fugam</span> <span class='ocrx_word' id='word_1_25' title='bbox 1119 439 1329 489; x_wconf 85' lang='lat' dir='ltr'>capesfivit.</span> 
     </span>
     <span class='ocr_line' id='line_1_5' title="bbox 217 509 1334 561; baseline 0.002 -14"><span class='ocrx_word' id='word_1_26' title='bbox 217 512 358 561; x_wconf 74' lang='lat' dir='ltr'>Interea</span> <span class='ocrx_word' id='word_1_27' title='bbox 382 509 504 549; x_wconf 86' lang='lat' dir='ltr'>Galba</span> <span class='ocrx_word' id='word_1_28' title='bbox 535 521 555 547; x_wconf 90' lang='lat' dir='ltr'>a</span> <span class='ocrx_word' id='word_1_29' title='bbox 585 510 725 548; x_wconf 88' lang='lat' dir='ltr'>Senatu</span> <span class='ocrx_word' id='word_1_30' title='bbox 763 520 916 558; x_wconf 90' lang='lat' dir='ltr'>quoque</span> <span class='ocrx_word' id='word_1_31' title='bbox 947 509 1152 558; x_wconf 88' lang='lat' dir='ltr'>Imperator</span> <span class='ocrx_word' id='word_1_32' title='bbox 1173 512 1334 559; x_wconf 87' lang='lat' dir='ltr'>appella-</span> 
     </span>
     <span class='ocr_line' id='line_1_6' title="bbox 218 578 1333 629; baseline 0.001 -11"><span class='ocrx_word' id='word_1_33' title='bbox 218 591 310 627; x_wconf 77' lang='lat' dir='ltr'>tus,</span> <span class='ocrx_word' id='word_1_34' title='bbox 333 589 446 629; x_wconf 87' lang='lat' dir='ltr'>atque</span> <span class='ocrx_word' id='word_1_35' title='bbox 467 580 571 618; x_wconf 91' lang='lat' dir='ltr'>Nero</span> <span class='ocrx_word' id='word_1_36' title='bbox 598 579 720 622; x_wconf 89' lang='lat' dir='ltr'>hostis</span> <span class='ocrx_word' id='word_1_37' title='bbox 746 578 908 619; x_wconf 78' lang='lat' dir='ltr'>civitatis</span> <span class='ocrx_word' id='word_1_38' title='bbox 931 579 1119 628; x_wconf 83' lang='lat' dir='ltr'>J’udicatus</span> <span class='ocrx_word' id='word_1_39' title='bbox 1143 588 1226 623; x_wconf 74' lang='lat' dir='ltr'>estz</span> <span class='ocrx_word' id='word_1_40' title='bbox 1254 591 1333 628; x_wconf 90' lang='lat' dir='ltr'>quo</span> 
     </span>
     <span class='ocr_line' id='line_1_7' title="bbox 216 647 1334 702; baseline 0 -14"><span class='ocrx_word' id='word_1_41' title='bbox 216 649 340 702; x_wconf 70' lang='lat' dir='ltr'>facto,</span> <span class='ocrx_word' id='word_1_42' title='bbox 367 651 478 696; x_wconf 74' lang='lat' dir='ltr'>Nerov</span> <span class='ocrx_word' id='word_1_43' title='bbox 498 658 653 698; x_wconf 87' lang='lat' dir='ltr'>mortem</span> <span class='ocrx_word' id='word_1_44' title='bbox 681 648 749 688; x_wconf 88' lang='lat' dir='ltr'>fibi</span> <span class='ocrx_word' id='word_1_45' title='bbox 774 647 956 687; x_wconf 88' lang='lat' dir='ltr'>conscivit</span> <span class='ocrx_word' id='word_1_46' title='bbox 982 648 1068 697; x_wconf 72' lang='lat' dir='ltr'>(a).</span> <span class='ocrx_word' id='word_1_47' title='bbox 1118 649 1242 697; x_wconf 81' lang='lat' dir='ltr'>Antea</span> <span class='ocrx_word' id='word_1_48' title='bbox 1268 661 1334 689; x_wconf 85' lang='lat' dir='ltr'>ve-</span> 
     </span>
     <span class='ocr_line' id='line_1_8' title="bbox 218 718 1334 771; baseline -0.002 -13"><span class='ocrx_word' id='word_1_49' title='bbox 218 731 261 758; x_wconf 88' lang='lat' dir='ltr'>ro</span> <span class='ocrx_word' id='word_1_50' title='bbox 292 732 399 771; x_wconf 86' lang='lat' dir='ltr'>quam</span> <span class='ocrx_word' id='word_1_51' title='bbox 442 720 564 759; x_wconf 86' lang='lat' dir='ltr'><strong>Galba</strong></span> <span class='ocrx_word' id='word_1_52' title='bbox 599 731 643 758; x_wconf 85' lang='lat' dir='ltr'>ex</span> <span class='ocrx_word' id='word_1_53' title='bbox 688 718 870 768; x_wconf 88' lang='lat' dir='ltr'>Hispania</span> <span class='ocrx_word' id='word_1_54' title='bbox 910 718 1068 756; x_wconf 87' lang='lat' dir='ltr'>Romam</span> <span class='ocrx_word' id='word_1_55' title='bbox 1107 718 1334 767; x_wconf 75' lang='lat' dir='ltr'>advenerat,</span> 
     </span>
     <span class='ocr_line' id='line_1_9' title="bbox 216 787 1342 839; baseline -0.002 -11"><span class='ocrx_word' id='word_1_56' title='bbox 216 789 476 839; x_wconf 74' lang='lat' dir='ltr'>Nymphidius</span> <span class='ocrx_word' id='word_1_57' title='bbox 510 788 672 828; x_wconf 89' lang='lat' dir='ltr'>Sabinus</span> <span class='ocrx_word' id='word_1_58' title='bbox 706 799 859 837; x_wconf 88' lang='lat' dir='ltr'>regnum</span> <span class='ocrx_word' id='word_1_59' title='bbox 883 787 1086 827; x_wconf 86' lang='lat' dir='ltr'>affectavit.</span> <span class='ocrx_word' id='word_1_60' title='bbox 1146 788 1342 832; x_wconf 18' lang='lat' dir='ltr'>Summam*</span> 
     </span>
     <span class='ocr_line' id='line_1_10' title="bbox 216 857 1342 907; baseline -0.001 -10"><span class='ocrx_word' id='word_1_61' title='bbox 216 870 339 901; x_wconf 81' lang='lat' dir='ltr'>rerum</span> <span class='ocrx_word' id='word_1_62' title='bbox 373 860 417 907; x_wconf 85' lang='lat' dir='ltr'>ad</span> <span class='ocrx_word' id='word_1_63' title='bbox 441 858 478 898; x_wconf 87' lang='lat' dir='ltr'>se</span> <span class='ocrx_word' id='word_1_64' title='bbox 505 859 700 905; x_wconf 86' lang='lat' dir='ltr'>trahebat,</span> <span class='ocrx_word' id='word_1_65' title='bbox 727 869 850 907; x_wconf 88' lang='lat' dir='ltr'>eoque</span> <span class='ocrx_word' id='word_1_66' title='bbox 878 859 1066 906; x_wconf 90' lang='lat' dir='ltr'>consilio,</span> <span class='ocrx_word' id='word_1_67' title='bbox 1092 866 1135 897; x_wconf 90' lang='lat' dir='ltr'>ut</span> <span class='ocrx_word' id='word_1_68' title='bbox 1157 857 1234 906; x_wconf 89' lang='lat' dir='ltr'>ipse</span> <span class='ocrx_word' id='word_1_69' title='bbox 1256 866 1342 901; x_wconf 54' lang='lat' dir='ltr'>tanq</span> 
     </span>
     <span class='ocr_line' id='line_1_11' title="bbox 217 927 1338 975; baseline -0.002 -9"><span class='ocrx_word' id='word_1_70' title='bbox 217 928 302 971; x_wconf 86' lang='lat' dir='ltr'>dem</span> <span class='ocrx_word' id='word_1_71' title='bbox 336 939 357 966; x_wconf 91' lang='lat' dir='ltr'>a</span> <span class='ocrx_word' id='word_1_72' title='bbox 392 927 638 967; x_wconf 88' lang='lat' dir='ltr'>Praetorianis</span> <span class='ocrx_word' id='word_1_73' title='bbox 681 927 886 975; x_wconf 87' lang='lat' dir='ltr'>Imperator</span> <span class='ocrx_word' id='word_1_74' title='bbox 919 927 1165 975; x_wconf 86' lang='lat' dir='ltr'>salutaretur,</span> <span class='ocrx_word' id='word_1_75' title='bbox 1214 927 1338 971; x_wconf 86' lang='lat' dir='ltr'>senem</span> 
     </span>
     <span class='ocr_line' id='line_1_12' title="bbox 216 996 1337 1052; baseline -0.001 -17"><span class='ocrx_word' id='word_1_76' title='bbox 216 997 435 1052; x_wconf 74' lang='lat' dir='ltr'>existimans</span> <span class='ocrx_word' id='word_1_77' title='bbox 473 997 646 1035; x_wconf 88' lang='lat' dir='ltr'>Galbam.</span> <span class='ocrx_word' id='word_1_78' title='bbox 700 996 930 1044; x_wconf 89' lang='lat' dir='ltr'>Tigellinum</span> <span class='ocrx_word' id='word_1_79' title='bbox 965 997 1143 1044; x_wconf 86' lang='lat' dir='ltr'>collegam</span> <span class='ocrx_word' id='word_1_80' title='bbox 1166 996 1337 1045; x_wconf 17' lang='lat' dir='ltr'>,gladium</span> 
     </span>
     <span class='ocr_line' id='line_1_13' title="bbox 217 1065 1337 1117; baseline -0.002 -11"><span class='ocrx_word' id='word_1_81' title='bbox 217 1068 407 1117; x_wconf 88' lang='lat' dir='ltr'>deponere</span> <span class='ocrx_word' id='word_1_82' title='bbox 435 1066 573 1116; x_wconf 81' lang='lat' dir='ltr'>jussit,</span> <span class='ocrx_word' id='word_1_83' title='bbox 601 1075 638 1105; x_wconf 85' lang='lat' dir='ltr'>et</span> <span class='ocrx_word' id='word_1_84' title='bbox 662 1067 802 1104; x_wconf 89' lang='lat' dir='ltr'>multos</span> <span class='ocrx_word' id='word_1_85' title='bbox 827 1068 865 1104; x_wconf 89' lang='lat' dir='ltr'>in</span> <span class='ocrx_word' id='word_1_86' title='bbox 888 1066 1019 1104; x_wconf 90' lang='lat' dir='ltr'>castris</span> <span class='ocrx_word' id='word_1_87' title='bbox 1041 1065 1241 1114; x_wconf 81' lang='lat' dir='ltr'>excitavit,</span> <span class='ocrx_word' id='word_1_88' title='bbox 1269 1065 1337 1115; x_wconf 84' lang='lat' dir='ltr'>qui</span> 
     </span>
     <span class='ocr_line' id='line_1_14' title="bbox 217 1135 1340 1187; baseline -0.002 -10"><span class='ocrx_word' id='word_1_89' title='bbox 217 1150 239 1181; x_wconf 82' lang='lat' dir='ltr'>a</span> <span class='ocrx_word' id='word_1_90' title='bbox 277 1137 400 1177; x_wconf 81' lang='lat' dir='ltr'>Galba</span> <span class='ocrx_word' id='word_1_91' title='bbox 435 1144 629 1187; x_wconf 84' lang='lat' dir='ltr'>peterent,</span> <span class='ocrx_word' id='word_1_92' title='bbox 665 1144 707 1175; x_wconf 90' lang='lat' dir='ltr'>ut</span> <span class='ocrx_word' id='word_1_93' title='bbox 734 1136 993 1186; x_wconf 80' lang='lat' dir='ltr'>Nymphidius</span> <span class='ocrx_word' id='word_1_94' title='bbox 1021 1145 1227 1185; x_wconf 90' lang='lat' dir='ltr'>perpetuus</span> <span class='ocrx_word' id='word_1_95' title='bbox 1261 1135 1340 1176; x_wconf 87' lang='lat' dir='ltr'>fine</span> 
     </span>
     <span class='ocr_line' id='line_1_15' title="bbox 218 1205 1339 1259; baseline 0.002 -14"><span class='ocrx_word' id='word_1_96' title='bbox 218 1208 363 1259; x_wconf 73' lang='lat' dir='ltr'>collega</span> <span class='ocrx_word' id='word_1_97' title='bbox 400 1206 614 1254; x_wconf 84' lang='lat' dir='ltr'>Praefectus</span> <span class='ocrx_word' id='word_1_98' title='bbox 639 1206 831 1245; x_wconf 86' lang='lat' dir='ltr'>Praetorio</span> <span class='ocrx_word' id='word_1_99' title='bbox 867 1205 984 1244; x_wconf 76' lang='lat' dir='ltr'>esset:</span> <span class='ocrx_word' id='word_1_100' title='bbox 1012 1205 1150 1255; x_wconf 89' lang='lat' dir='ltr'>etipse</span> <span class='ocrx_word' id='word_1_101' title='bbox 1178 1206 1339 1247; x_wconf 78' lang='lat' dir='ltr'>Senatus</span> 
     </span>
     <span class='ocr_line' id='line_1_16' title="bbox 216 1275 1339 1330; baseline -0.002 -14"><span class='ocrx_word' id='word_1_102' title='bbox 216 1276 504 1330; x_wconf 64' lang='lat' dir='ltr'>‚benefactorem</span> <span class='ocrx_word' id='word_1_103' title='bbox 532 1288 615 1315; x_wconf 87' lang='lat' dir='ltr'>eum</span> <span class='ocrx_word' id='word_1_104' title='bbox 653 1277 842 1326; x_wconf 87' lang='lat' dir='ltr'>appellans</span> <span class='ocrx_word' id='word_1_105' title='bbox 869 1275 914 1313; x_wconf 89' lang='lat' dir='ltr'>ad</span> <span class='ocrx_word' id='word_1_106' title='bbox 951 1277 1124 1324; x_wconf 85' lang='lat' dir='ltr'>majorem</span> <span class='ocrx_word' id='word_1_107' title='bbox 1162 1275 1339 1324; x_wconf 85' lang='lat' dir='ltr'>provexit</span> 
     </span>
     <span class='ocr_line' id='line_1_17' title="bbox 218 1344 1340 1402; baseline 0 -16"><span class='ocrx_word' id='word_1_108' title='bbox 218 1347 422 1402; x_wconf 74' lang='lat' dir='ltr'>audaciam.</span> <span class='ocrx_word' id='word_1_109' title='bbox 476 1347 644 1386; x_wconf 89' lang='lat' dir='ltr'>Tandem</span> <span class='ocrx_word' id='word_1_110' title='bbox 679 1345 797 1384; x_wconf 87' lang='lat' dir='ltr'>media</span> <span class='ocrx_word' id='word_1_111' title='bbox 831 1353 944 1383; x_wconf 91' lang='lat' dir='ltr'>nocte</span> <span class='ocrx_word' id='word_1_112' title='bbox 976 1345 1020 1382; x_wconf 89' lang='lat' dir='ltr'>ad</span> <span class='ocrx_word' id='word_1_113' title='bbox 1048 1353 1167 1384; x_wconf 87' lang='lat' dir='ltr'>castra</span> <span class='ocrx_word' id='word_1_114' title='bbox 1189 1344 1225 1384; x_wconf 91' lang='lat' dir='ltr'>se</span> <span class='ocrx_word' id='word_1_115' title='bbox 1247 1356 1340 1387; x_wconf 77' lang='lat' dir='ltr'>con·</span> 
     </span>
     <span class='ocr_line' id='line_1_18' title="bbox 218 1413 1339 1469; baseline -0.004 -12"><span class='ocrx_word' id='word_1_116' title='bbox 218 1417 357 1469; x_wconf 77' lang='lat' dir='ltr'>vertit,</span> <span class='ocrx_word' id='word_1_117' title='bbox 386 1417 452 1456; x_wconf 89' lang='lat' dir='ltr'>ubi</span> <span class='ocrx_word' id='word_1_118' title='bbox 484 1417 689 1466; x_wconf 82' lang='lat' dir='ltr'>Imperator</span> <span class='ocrx_word' id='word_1_119' title='bbox 720 1415 898 1453; x_wconf 86' lang='lat' dir='ltr'>salutatus</span> <span class='ocrx_word' id='word_1_120' title='bbox 922 1413 1080 1462; x_wconf 90' lang='lat' dir='ltr'>fuisset,</span> <span class='ocrx_word' id='word_1_121' title='bbox 1117 1415 1185 1454; x_wconf 83' lang='lat' dir='ltr'>nisi</span> <span class='ocrx_word' id='word_1_122' title='bbox 1217 1416 1339 1454; x_wconf 87' lang='lat' dir='ltr'>Anto-</span> 
     </span>
     <span class='ocr_line' id='line_1_19' title="bbox 217 1483 1338 1538; baseline -0.004 -12"><span class='ocrx_word' id='word_1_123' title='bbox 217 1488 307 1538; x_wconf 83' lang='lat' dir='ltr'>nius</span> <span class='ocrx_word' id='word_1_124' title='bbox 331 1488 565 1537; x_wconf 79' lang='lat' dir='ltr'>Honoratus</span> <span class='ocrx_word' id='word_1_125' title='bbox 604 1486 643 1524; x_wconf 87' lang='lat' dir='ltr'>id</span> <span class='ocrx_word' id='word_1_126' title='bbox 674 1483 928 1533; x_wconf 89' lang='lat' dir='ltr'>prohibuisset</span> <span class='ocrx_word' id='word_1_127' title='bbox 939 1506 956 1531; x_wconf 86' lang='lat'>-‚</span> <span class='ocrx_word' id='word_1_128' title='bbox 982 1492 1020 1521; x_wconf 91' lang='lat' dir='ltr'>et</span> <span class='ocrx_word' id='word_1_129' title='bbox 1050 1483 1211 1532; x_wconf 85' lang='lat' dir='ltr'>milites,</span> <span class='ocrx_word' id='word_1_130' title='bbox 1243 1483 1338 1533; x_wconf 86' lang='lat' dir='ltr'>qui,</span> 
     </span>
     <span class='ocr_line' id='line_1_20' title="bbox 214 1550 1339 1606; baseline -0.004 -12"><span class='ocrx_word' id='word_1_131' title='bbox 214 1559 354 1602; x_wconf 24' lang='lat' dir='ltr'>*locuto</span> <span class='ocrx_word' id='word_1_132' title='bbox 372 1556 589 1606; x_wconf 26' lang='lat' dir='ltr'>2‚Antonio„¹</span> <span class='ocrx_word' id='word_1_133' title='bbox 614 1554 728 1603; x_wconf 15' lang='lat' dir='ltr'>*fidem</span> <span class='ocrx_word' id='word_1_134' title='bbox 763 1553 907 1592; x_wconf 87' lang='lat' dir='ltr'>Galbae</span> <span class='ocrx_word' id='word_1_135' title='bbox 933 1550 1201 1600; x_wconf 78' lang='lat' dir='ltr'>promiserant,</span> <span class='ocrx_word' id='word_1_136' title='bbox 1252 1562 1339 1590; x_wconf 86' lang='lat' dir='ltr'>eum</span> 
     </span>
     <span class='ocr_line' id='line_1_21' title="bbox 215 1621 1343 1675; baseline -0.005 -10"><span class='ocrx_word' id='word_1_137' title='bbox 215 1625 497 1670; x_wconf 62' lang='lat' dir='ltr'>,interfecissent</span> <span class='ocrx_word' id='word_1_138' title='bbox 523 1626 608 1675; x_wconf 84' lang='lat'>(3).</span> <span class='ocrx_word' id='word_1_139' title='bbox 660 1622 985 1672; x_wconf 62' lang='lat' dir='ltr'>Servi0,Sulpiti,o</span> <span class='ocrx_word' id='word_1_140' title='bbox 999 1621 1121 1661; x_wconf 89' lang='lat' dir='ltr'>Galba</span> <span class='ocrx_word' id='word_1_141' title='bbox 1139 1622 1343 1670; x_wconf 74' lang='lat' dir='ltr'>Imperato-</span> 
     </span>
     <span class='ocr_line' id='line_1_22' title="bbox 212 1690 1346 1742; baseline -0.004 -8"><span class='ocrx_word' id='word_1_142' title='bbox 212 1707 264 1739; x_wconf 71' lang='lat' dir='ltr'>vre</span> <span class='ocrx_word' id='word_1_143' title='bbox 293 1696 342 1735; x_wconf 86' lang='lat' dir='ltr'>fic</span> <span class='ocrx_word' id='word_1_144' title='bbox 367 1695 495 1742; x_wconf 80' lang='lat' dir='ltr'>facto,</span> <span class='ocrx_word' id='word_1_145' title='bbox 522 1693 742 1733; x_wconf 86' lang='lat' dir='ltr'>donativum</span> <span class='ocrx_word' id='word_1_146' title='bbox 772 1692 1034 1741; x_wconf 82' lang='lat' dir='ltr'>exspectabant</span> <span class='ocrx_word' id='word_1_147' title='bbox 1059 1690 1212 1730; x_wconf 88' lang='lat' dir='ltr'>milites.</span> <span class='ocrx_word' id='word_1_148' title='bbox 1250 1691 1346 1741; x_wconf 79' lang='lat' dir='ltr'>Ete-</span> 
     </span>
     <span class='ocr_line' id='line_1_23' title="bbox 227 1760 1346 1814; baseline -0.004 -10"><span class='ocrx_word' id='word_1_149' title='bbox 227 1766 304 1804; x_wconf 89' lang='lat' dir='ltr'>nim</span> <span class='ocrx_word' id='word_1_150' title='bbox 359 1763 619 1814; x_wconf 79' lang='lat' dir='ltr'>Nymphidius</span> <span class='ocrx_word' id='word_1_151' title='bbox 658 1770 742 1801; x_wconf 91' lang='lat' dir='ltr'>ante</span> <span class='ocrx_word' id='word_1_152' title='bbox 787 1761 938 1800; x_wconf 90' lang='lat' dir='ltr'>nomine</span> <span class='ocrx_word' id='word_1_153' title='bbox 981 1761 1123 1800; x_wconf 91' lang='lat' dir='ltr'>Galbae</span> <span class='ocrx_word' id='word_1_154' title='bbox 1168 1760 1346 1810; x_wconf 81' lang='lat' dir='ltr'>promise-</span> 
     </span>
     <span class='ocr_line' id='line_1_24' title="bbox 224 1828 1347 1879; baseline -0.004 -5"><span class='ocrx_word' id='word_1_155' title='bbox 224 1844 281 1874; x_wconf 89' lang='lat' dir='ltr'>rat</span> <span class='ocrx_word' id='word_1_156' title='bbox 315 1833 480 1873; x_wconf 87' lang='lat' dir='ltr'>Urbanis</span> <span class='ocrx_word' id='word_1_157' title='bbox 515 1831 835 1878; x_wconf 76' lang='lat' dir='ltr'>praetorianisque</span> <span class='ocrx_word' id='word_1_158' title='bbox 869 1829 1052 1868; x_wconf 88' lang='lat' dir='ltr'>militibus</span> <span class='ocrx_word' id='word_1_159' title='bbox 1088 1828 1231 1879; x_wconf 77' lang='lat' dir='ltr'>trigena</span> <span class='ocrx_word' id='word_1_160' title='bbox 1263 1831 1347 1870; x_wconf 82' lang='lat' dir='ltr'>mil·</span> 
     </span>
     <span class='ocr_line' id='line_1_25' title="bbox 217 1890 1345 1954; baseline -0.006 -10"><span class='ocrx_word' id='word_1_161' title='bbox 217 1905 276 1954; x_wconf 23' lang='lat' dir='ltr'>Alia</span> <span class='ocrx_word' id='word_1_162' title='bbox 299 1904 521 1951; x_wconf 70' lang='lat' dir='ltr'>nummum,</span> <span class='ocrx_word' id='word_1_163' title='bbox 559 1910 596 1940; x_wconf 89' lang='lat' dir='ltr'>et</span> <span class='ocrx_word' id='word_1_164' title='bbox 631 1890 745 1949; x_wconf 72' lang='lat' dir='ltr'>quina</span> <span class='ocrx_word' id='word_1_165' title='bbox 781 1897 895 1937; x_wconf 89' lang='lat' dir='ltr'>millia</span> <span class='ocrx_word' id='word_1_166' title='bbox 931 1899 1143 1948; x_wconf 87' lang='lat' dir='ltr'>legionibus</span> <span class='ocrx_word' id='word_1_167' title='bbox 1172 1899 1212 1937; x_wconf 90' lang='lat' dir='ltr'>in</span> <span class='ocrx_word' id='word_1_168' title='bbox 1252 1899 1345 1938; x_wconf 89' lang='lat' dir='ltr'>Pro-</span> 
     </span>
     <span class='ocr_line' id='line_1_26' title="bbox 217 1969 1344 2019; baseline -0.005 -5"><span class='ocrx_word' id='word_1_169' title='bbox 217 1974 376 2019; x_wconf 64' lang='lat' dir='ltr'>vinciis.</span> <span class='ocrx_word' id='word_1_170' title='bbox 456 1972 529 2011; x_wconf 91' lang='lat' dir='ltr'>Sed</span> <span class='ocrx_word' id='word_1_171' title='bbox 571 1969 817 2009; x_wconf 83' lang='lat' dir='ltr'>Praetorianis</span> <span class='ocrx_word' id='word_1_172' title='bbox 866 1969 1082 2008; x_wconf 88' lang='lat' dir='ltr'>donativum</span> <span class='ocrx_word' id='word_1_173' title='bbox 1124 1969 1344 2019; x_wconf 89' lang='lat' dir='ltr'>rogantibus</span> 
     </span>
     <span class='ocr_line' id='line_1_27' title="bbox 229 2033 1397 2097; baseline -0.003 -12"><span class='ocrx_word' id='word_1_174' title='bbox 229 2046 350 2085; x_wconf 88' lang='lat' dir='ltr'>Galba</span> <span class='ocrx_word' id='word_1_175' title='bbox 385 2043 604 2094; x_wconf 87' lang='lat' dir='ltr'>respondit:</span> <span class='ocrx_word' id='word_1_176' title='bbox 661 2069 693 2090; x_wconf 86' lang='lat'><strong>„</strong></span> <span class='ocrx_word' id='word_1_177' title='bbox 732 2042 874 2090; x_wconf 84' lang='lat' dir='ltr'>Legere</span> <span class='ocrx_word' id='word_1_178' title='bbox 907 2042 1009 2097; x_wconf 89' lang='lat' dir='ltr'>soleo</span> <span class='ocrx_word' id='word_1_179' title='bbox 1050 2042 1215 2093; x_wconf 85' lang='lat' dir='ltr'>milites,</span> <span class='ocrx_word' id='word_1_180' title='bbox 1265 2053 1344 2081; x_wconf 89' lang='lat' dir='ltr'>non</span> <span class='ocrx_word' id='word_1_181' title='bbox 1389 2033 1397 2037; x_wconf 65' lang='grc'><strong>”</strong></span> 
     </span>
    </p>
   </div>
   <div class='ocr_carea' id='block_1_3' title="bbox 269 2123 1350 2308">
    <p class='ocr_par' dir='ltr' id='par_1_3' title="bbox 269 2123 1350 2308">
     <span class='ocr_line' id='line_1_28' title="bbox 1249 2123 1350 2151; baseline -0.01 0"><span class='ocrx_word' id='word_1_182' title='bbox 1249 2123 1350 2151; x_wconf 79' lang='lat' dir='ltr'>eme·</span> 
     </span>
     <span class='ocr_line' id='line_1_29' title="bbox 274 2168 853 2203; baseline -0.009 -7"><span class='ocrx_word' id='word_1_183' title='bbox 274 2169 326 2203; x_wconf 82' lang='grc' dir='ltr'>(ι)</span> <span class='ocrx_word' id='word_1_184' title='bbox 348 2170 384 2196; x_wconf 83' lang='lat' dir='ltr'>ln</span> <span class='ocrx_word' id='word_1_185' title='bbox 408 2168 476 2195; x_wconf 79' lang='lat' dir='ltr'>Nre</span> <span class='ocrx_word' id='word_1_186' title='bbox 461 2177 488 2195; x_wconf 86' lang='lat' dir='ltr'>r.</span> <span class='ocrx_word' id='word_1_187' title='bbox 509 2174 536 2194; x_wconf 84' lang='lat' dir='ltr'>c</span> <span class='ocrx_word' id='word_1_188' title='bbox 562 2171 609 2197; x_wconf 81' lang='lat'>3-.</span> <span class='ocrx_word' id='word_1_189' title='bbox 849 2199 853 2201; x_wconf 41' lang='grc'>-</span> 
     </span>
     <span class='ocr_line' id='line_1_30' title="bbox 269 2216 903 2254; baseline -0.013 -7"><span class='ocrx_word' id='word_1_190' title='bbox 269 2219 459 2254; x_wconf 83' lang='lat' dir='ltr'>(2)Suet.</span> <span class='ocrx_word' id='word_1_191' title='bbox 481 2218 513 2243; x_wconf 80' lang='lat' dir='ltr'>in</span> <span class='ocrx_word' id='word_1_192' title='bbox 538 2216 617 2243; x_wconf 75' lang='lat' dir='ltr'>Nor.</span> <span class='ocrx_word' id='word_1_193' title='bbox 641 2221 816 2250; x_wconf 79' lang='lat' dir='ltr'>c.47—49.</span> <span class='ocrx_word' id='word_1_194' title='bbox 902 2244 903 2247; x_wconf 13' lang='grc' dir='ltr'><strong>Ἴ</strong></span> 
     </span>
     <span class='ocr_line' id='line_1_31' title="bbox 275 2266 1069 2308; baseline -0.006 -11"><span class='ocrx_word' id='word_1_195' title='bbox 275 2271 329 2308; x_wconf 73' lang='lat'>(3)</span> <span class='ocrx_word' id='word_1_196' title='bbox 355 2269 421 2297; x_wconf 85' lang='lat' dir='ltr'>Vid</span> <span class='ocrx_word' id='word_1_197' title='bbox 443 2267 566 2296; x_wconf 85' lang='lat' dir='ltr'>omniuo</span> <span class='ocrx_word' id='word_1_198' title='bbox 589 2267 690 2296; x_wconf 80' lang='lat' dir='ltr'>Plut.</span> <span class='ocrx_word' id='word_1_199' title='bbox 713 2268 746 2293; x_wconf 80' lang='lat' dir='ltr'>in</span> <span class='ocrx_word' id='word_1_200' title='bbox 772 2266 884 2293; x_wconf 83' lang='lat' dir='ltr'>Galba.</span> <span class='ocrx_word' id='word_1_201' title='bbox 915 2271 942 2293; x_wconf 83' lang='lat' dir='ltr'>e.</span> <span class='ocrx_word' id='word_1_202' title='bbox 961 2267 1069 2298; x_wconf 78' lang='grc'><strong>6-15,</strong></span> 
     </span>
    </p>
   </div>
  </div>
 </body>
</html>
