1487 2850
326 210 984 254 ASTRONOMIGA.
1167 224 1215 263 23

112 324 203 364 mini
233 324 514 362 meridianorum
535 324 684 370 'aequale
707 331 787 368 est,
813 320 1085 359 adscensionem
1110 330 1215 358 suam

110 402 242 434 mutat.
316 394 389 433 Sed
429 405 450 431 e
493 393 626 432 diurno
669 391 920 430 adscensionis
946 390 1215 436 32incre111ent05

105 464 212 510 quod
238 470 302 502 aut
326 474 372 501 ex
397 460 722 501 observationibus
755 469 819 498 aut
845 471 888 499 ex
917 456 1214 506 ephemeridibus

104 533 320 579 invenitur,
346 540 449 581 parte
485 529 757 579 proportionali
788 537 976 574 assumta,
1006 526 1214 565 differentia

101 602 345 650 longitudinis
378 600 573 649 supputari
605 607 730 648 potest
757 600 841 648 (ι).

151 671 211 711 Sit
231 671 266 710 T
284 680 432 720 tempus
458 670 611 708 siderale
639 669 748 706 lunae
779 664 1013 704 eulminantis
1051 665 1089 702 in
1120 665 1206 704 loco

98 741 141 779 A
148 771 162 789 .,
175 750 290 789 atque
300 741 344 779 T'
360 740 400 778 in
415 734 499 777 loco
516 732 568 777 B:
581 737 651 776 erit
666 735 1018 776 P—Tdifferentia
1036 735 1214 773 culmina-

96 811 269 858 tionum,
294 810 493 858 eademque
523 807 806 847 adscensionum
836 809 1015 845 rectarum
1049 806 1088 844 in
1121 816 1213 844 tem·

99 890 208 929 pore.
234 873 376 920 Diurna
393 879 648 917 adscensionis
682 878 837 916 variatio
876 878 924 915 sit
955 886 1033 918 A'x.
1068 876 1176 916 Erit:

355 949 944 997 24⁶:Aae=x:15(T'·;-T).

100 1010 319 1066 Differentia
356 1009 602 1065 longitudinis
629 1018 796 1065 quaesita
830 1030 858 1056 x
892 1026 962 1056 est.
1017 1016 1211 1055 Alterutro

98 1084 333 1124 observatori
366 1085 546 1125 substitui
582 1094 710 1134 potest
740 1086 907 1124 calculus
935 1086 1046 1123 horae
1076 1084 1213 1122 sidera·-

96 1154 171 1200 lis,
210 1165 284 1202 qua
310 1156 395 1193 luna
425 1154 634 1197 Grenovici
666 1156 867 1193 culminare
898 1154 1084 1193 debuerit.
1122 1154 1218 1192 Pen'·

99 1224 163 1262 det
205 1224 295 1262 haec
341 1225 540 1263 methodus
577 1225 623 1262 ab
658 1224 887 1273 horologio,
913 1225 1034 1274 {cujus
1073 1223 1215 1261 scilicet

95 1304 230 1332 cursus
254 1294 450 1333 admodum
477 1302 645 1332 accurate
672 1302 924 1343 cognoscatur
946 1301 1112 1342 oportet.
1140 1292 1214 1330 Po-

95 1370 171 1400 test
194 1372 315 1401 autem
343 1363 447 1401 istud
477 1363 753 1402 incommodum
783 1365 856 1402 hoc
880 1364 994 1402 modo
1021 1362 1167 1402 evitari.

146 1432 377 1471 Culminatio
394 1433 502 1470 lunae
512 1433 557 1471 ab
581 1432 621 1469 A
639 1432 859 1471 observetur
882 1433 1026 1471 siderali
1043 1441 1212 1480 tempore

97 1499 154 1540 T:
169 1501 264 1539 fixae
284 1509 406 1539 autem
417 1501 573 1551 alicujus
589 1501 716 1539 stellae
731 1529 744 1547 ‚
773 1512 867 1548 quae
885 1500 1053 1548 proxime
1075 1508 1214 1547 atque,

95 1569 132 1608 si
156 1570 236 1609 fieri
269 1579 425 1620 potest,
464 1571 502 1608 in
537 1571 664 1609 eodem
697 1570 813 1609 ferme
844 1571 1048 1619 parallelo,
1086 1564 1210 1607 lunani

95 1639 288 1689 sequitur,
325 1648 494 1689 tempore
519 1649 550 1678 t.
603 1640 748 1680 Eodem
775 1641 887 1678 modo
922 1640 955 1677 B
982 1640 1048 1679 has
1079 1638 1211 1677 culmi-

1146 1719 1212 1747 na-

132 1783 189 1823 (1)
207 1785 421 1814 sehumach
433 1792 494 1820 er,
514 1785 761 1813 Astronmiseha
785 1785 1014 1815 Nacbrichton.
1039 1785 1083 1814 11.
1101 1793 1132 1815 n.
1152 1786 1209 1821 26,

95 1847 146 1876 33.
186 1841 435 1876 F-rancoeur,
461 1843 485 1871 1.
511 1844 535 1872 l.
552 1845 716 1872 261—280.
750 1844 908 1871 Postremo
933 1842 1109 1877 praesertim
1135 1849 1212 1871 tem-

93 1905 173 1934 pore
193 1898 269 1927 haec
285 1899 446 1928 methodus
462 1897 624 1933 inclaruit,
644 1906 684 1928 ex
701 1898 821 1934 quovit
835 1899 951 1929 clariss.
970 1901 992 1929 B
1003 1907 1019 1927 e
1030 1908 1043 1928 s
1053 1901 1112 1928 sel
1128 1898 1213 1927 viros

94 1953 247 1987 celeberr,
278 1955 424 1991 (huss,
455 1956 649 1992 solduer,
670 1955 859 1992 Nicolai‚
880 1956 1016 1984 Encke
1045 1962 1077 1984 et
1102 1957 1214 1985 Bode

93 2009 260 2048 excitavit,
279 2017 313 2039 ut
333 2011 410 2041 hanc
430 2012 628 2047 methodum,
645 2011 784 2047 inprimis
810 2019 909 2041 nutem
928 2020 1011 2046 eam,
1035 2020 1123 2048 quam
1139 2018 1213 2040 mox

92 2065 277 2102 explicaturi
299 2074 418 2104 sumus,
437 2070 534 2103 {quam
561 2068 811 2103 frequentissime
839 2069 1047 2098 instituerent.
1082 2068 1211 2103 node,

94 2124 356 2152 annno-sescla„
379 2124 554 2162 Jahrbueb.
581 2127 654 2160 1823
667 2145 676 2160 ‚
695 2133 762 2160 pag.
784 2127 854 2163 246.
874 2139 912 2148 -
941 2125 975 2154 In
1010 2124 1100 2158 hujus
1124 2120 1214 2153 etiam

94 2179 234 2210 methodi
242 2187 328 2210 usum
343 2179 454 2211 eximia
463 2181 820 2217 ephemerisssnckian
831 2189 846 2210 a
864 2181 967 2210 stellas
977 2181 1110 2218 indicat,
1133 2186 1210 2215 quae
1241 2170 1244 2173 ’

95 2235 129 2266 in
152 2237 265 2267 eodem
280 2238 426 2277 parallelo
447 2238 585 2275 proxime
603 2245 652 2268 aut
667 2239 757 2270 lunae
777 2239 969 2275 antecedant,
998 2245 1048 2268 aut
1067 2237 1148 2267 illam
1164 2243 1210 2268 se·

98 2293 236 2324 quantur.
