1487 2850
223 207 270 236 ια
440 193 1100 237 COMMENTATIO

219 303 280 351 se;
321 302 493 342 nimirum
528 314 575 342 ex
609 303 883 342 Sallustio
917 303 988 354 (1)
1031 304 1213 353 conjicere
1251 304 1325 344 hoc

218 372 331 421 licet,
381 373 447 421 qui
483 371 650 421 scripsit:
702 400 733 421 „
769 373 912 411 Marius
955 384 1040 411 cum
1076 382 1196 412 turma
1234 372 1327 423 sua,

220 469 253 492 „
281 453 391 490 quam
428 452 473 479 ex
503 440 715 480 fortissimis
738 441 878 490 magis,
907 453 1015 489 quam
1036 441 1323 482 familiarissimis

218 538 253 560 „
279 519 491 560 paraverat,
515 510 639 560 vagari
670 510 856 560 pasfim.”
906 512 1039 550 Postea
1069 511 1134 550 sub
1163 513 1326 561 Impera-

215 580 361 619 toribus
404 580 556 619 omnino
587 579 692 619 fuere
734 581 892 628 Equites
933 581 1179 620 Praetoriani:
1220 582 1324 630 quod

214 658 317 699 patet
348 662 392 689 ex
417 651 503 689 loco
529 650 707 688 Taciti
735 650 830 699 (2)=
861 678 885 698 ‚‚
910 650 1055 688 additur
1077 662 1207 701 magna
1234 662 1321 700 pars

219 748 245 769 ‚‚
271 721 495 759 Praetoriani
547 720 738 768 equitis.”
812 720 994 758 Satellites
1041 721 1152 769 igitur
1197 717 1322 759 Ducis‘

215 788 350 838 fuere,
403 790 545 838 quippe
582 789 647 838 qui
679 789 819 838 semper
861 800 946 827 eum
981 789 1021 826 in
1054 790 1168 827 aciem
1195 788 1326 837 seque-

215 859 365 898 bantur.
429 860 663 910 Quamquam
700 860 837 897 cohors
881 858 1064 897 Praetoria
1101 869 1147 897 ex
1180 858 1325 898 dilectis

215 937 252 967 et
286 929 466 978 spectatae
510 928 660 967 virtutis
709 928 890 965 militibus
932 928 1142 975 constabat,
1191 928 1323 967 deinde

215 1008 338 1038 tamen
369 999 430 1037 alii
467 1009 620 1047 quoque
648 998 688 1035 in
718 1008 796 1035 eam
821 996 971 1035 adscisci
994 1005 1220 1045 coeperunt3
1249 1005 1326 1036 ete-

212 1069 291 1108 nim
322 1068 481 1114 milites,
511 1066 672 1105 ducibus
713 1066 943 1104 blandientes
976 1076 1012 1104 et
1049 1066 1320 1116 obsequentes,

214 1151 344 1180 eorum
377 1139 505 1177 favore
536 1138 581 1175 ad
616 1137 716 1175 hunc
753 1137 858 1185 saepe
896 1137 1137 1175 escendebant
1173 1139 1312 1176 locum.

210 1211 341 1258 Itaque
372 1209 569 1258 Augustus
601 1218 646 1245 ex
678 1207 735 1245 his
772 1207 951 1245 veteranis
987 1206 1167 1245 militibus
1206 1207 1315 1246 Prae·

213 1279 367 1319 torianis
393 1278 563 1317 satellites
601 1276 669 1316 fibi
700 1277 823 1326 elegit.

251 1445 301 1484 (ι)
323 1447 474 1483 Jugurtlz.
494 1453 523 1474 c.
545 1446 592 1481 98.
614 1445 664 1474 Cf,
687 1445 715 1480 J.
738 1442 926 1478 Lipsius,
946 1442 968 1468 l.
990 1442 1013 1469 1.

254 1504 308 1541 (α)
329 1504 413 1532 Anu.
435 1505 457 1531 1.
480 1503 505 1532 Ι.
528 1510 556 1531 c.
579 1503 628 1537 2'4.

1225 2291 1314 2362 c'A.
