1487 2850
246 177 343 225 184,
463 171 1119 218 COMMENTAT10

297 282 550 322 phaenomena
581 281 825 320 tautochrona
854 280 996 318 inutilia
1031 289 1136 318 sunt:
1179 290 1213 317 1.
1243 279 1345 326 quod

245 363 328 391 raro
356 358 554 398 apparent,
583 362 620 387 2.
649 349 750 395 quod
773 359 879 395 aegre
906 349 1161 386 observantur.

297 420 549 460 Phaenomena
581 418 696 456 ferme
725 417 969 454 tautochrona
993 417 1106 464 magis
1130 418 1236 454 etiam
1262 415 1345 454 inu·

245 489 324 528 tilia
349 497 461 526 sunt:
495 500 530 526 1.
547 488 648 535 quod
667 486 847 535 apparitio
868 486 984 524 rarior
1006 485 1129 524 evenit
1143 512 1158 533 ,
1187 499 1223 524 2.
1242 487 1343 534 quod

249 557 460 596 observatio
497 567 573 594 non
598 557 716 594 multo
747 554 892 594 facilior
914 565 996 604 est,
1036 569 1072 606 3.
1102 558 1203 603 quod
1227 557 1346 594 calcu-

250 627 310 665 lus
333 628 468 674 longus
493 633 550 663 est
575 634 611 663 et
640 625 843 663 taediosus.

298 695 473 734 Methodi
509 697 654 733 lunares
693 695 863 733 universe
904 695 1208 733 commendandae
1244 702 1348 734 sunt.

300 764 375 802 Sed
404 764 682 802 culminationes
712 764 898 802 observari
922 773 1125 813 nequeunt.

299 832 574 872 Altitudinibus
607 841 727 871 autem
762 833 968 872 meridianis
1005 846 1132 884 parum
1167 834 1253 873 fidei
1289 835 1352 872 ha·

252 901 411 940 bendum
446 910 519 941 est.

301 971 536 1021 Angulorum
565 971 745 1010 horalium
774 972 971 1011 methodus
1007 974 1146 1022 optima
1178 981 1261 1019 est,
1288 972 1354 1010 sed

249 1040 361 1089 ideo,
410 1042 512 1090 quod
537 1054 621 1080 cum
657 1042 832 1080 methodo
871 1042 1123 1081 distantiarum
1155 1042 1193 1080 in
1225 1042 1353 1080 multis

250 1111 449 1159 convenit,
476 1112 515 1150 in
539 1113 690 1160 reliquis
718 1121 838 1150 autem
869 1114 988 1151 multo
1009 1114 1075 1151 hac
1099 1111 1254 1150 inferior
1273 1119 1352 1158 est,
1410 1147 1413 1151 ,
1473 1101 1485 1174 ’ἓ

250 1190 331 1218 non
355 1189 412 1218 est
437 1181 656 1220 adhibenda.

299 1248 566 1289 Distantiarum
594 1250 789 1289 methodus
813 1253 917 1290 valde
942 1251 1227 1290 commendanda
1256 1259 1327 1288 est.

301 1317 611 1357 Chronometrica
636 1320 739 1358 valde
761 1322 1048 1358 commendanda
1078 1328 1150 1358 est.

301 1387 528 1427 Geodaesica
557 1389 753 1426 methodus
777 1389 815 1426 in
841 1400 993 1427 censum
1018 1400 1094 1427 non
1121 1388 1243 1437 venit,
1271 1388 1357 1436 quia

252 1457 374 1506 agitur
398 1457 442 1494 de
474 1457 651 1495 methodo
678 1457 764 1496 huIc
789 1458 1059 1500 substituenda.

304 1527 517 1575 Magnetica
559 1535 704 1574 autem,
757 1530 849 1566 male
891 1530 951 1567 illa
987 1529 1154 1568 fundata·
1174 1538 1212 1569 et
1252 1541 1357 1579 aegre

256 1596 392 1646 praxin
416 1596 637 1644 admittens,
665 1597 806 1636 inutilis
835 1608 906 1637 est.

308 1665 415 1705 Duae
440 1666 566 1714 itaque
597 1668 785 1714 methodi,
813 1680 871 1707 me
888 1669 1038 1718 judice,
1066 1681 1085 1708 e
1110 1678 1211 1708 tanto
1237 1682 1364 1708 nume-

258 1746 302 1773 ro
331 1744 531 1773 remanent.
596 1737 650 1775 Ita
682 1744 825 1784 tamen,
854 1738 909 1776 uti
943 1750 1055 1786 supra
1090 1740 1241 1786 monui,
1268 1738 1362 1776 acci-

260 1805 301 1855 pi
333 1806 426 1844 illud
457 1807 594 1853 velim,
630 1815 671 1845 ut
704 1808 853 1845 minime
888 1808 1137 1855 intelligatur,
1170 1819 1360 1855 nunquam

256 1877 363 1925 juxta
394 1876 554 1924 reliquas
588 1876 694 1914 navis
726 1877 838 1914 situm
872 1877 909 1914 in
941 1888 1079 1914 oceano
1105 1877 1244 1914 deliniri
1275 1888 1364 1933 pos-

259 1957 332 1993 se,
380 1946 446 1984 sed
476 1946 584 1985 unice
611 1947 678 1984 has
714 1947 909 1985 methodos
948 1947 983 1984 in
1020 1947 1121 1995 praxi
1150 1956 1213 1984 aut
1252 1947 1365 1984 tantis

261 2015 534 2055 observationis
570 2016 870 2063 difficultatibus,
912 2026 974 2054 aut
1013 2026 1109 2054 tanta
1137 2018 1219 2055 mali
1254 2020 1367 2055 even-

260 2095 323 2124 tus
351 2086 610 2134 probabilitate
635 2086 825 2132 laborare‚
854 2095 922 2134 ut,
949 2087 1019 2125 nisi
1042 2088 1166 2126 omnia
1194 2087 1365 2134 faveant,

261 2155 346 2194 inde
380 2155 496 2204 proba
537 2156 732 2202 longitudo
768 2157 890 2204 aliqua
937 2158 1141 2204 exspectari
1189 2167 1362 2205 nequeat.

263 2224 366 2264 Duas
392 2233 512 2265 autem
545 2225 624 2263 illas
662 2226 769 2264 unice
795 2227 922 2275 dignas
962 2237 1095 2265 censeo
1124 2228 1374 2266 nominemes

1291 2299 1375 2338 tho-
