1487 2850
360 205 874 251 LITERARIA.
1152 216 1203 254 39.

84 353 108 374 „
131 320 304 362 cidissent
325 319 364 358 in
379 318 589 358 Germanos
609 317 789 357 custodes
811 314 956 356 Vitellii
970 341 985 362 ,
1012 314 1105 352 male
1135 323 1195 351 ac-

82 392 230 444 „cepti
262 390 475 429 discedunt.
494 388 520 406 ''

95 489 98 491 >
127 464 221 502 Post
242 460 438 499 Vitellium
462 458 614 497 Flavius
641 455 889 505 Vespafianus
928 466 949 494 a
979 450 1196 501 legionibus

79 533 119 572 in
146 531 300 570 Oriente
325 539 361 568 et
376 531 422 568 ad
443 528 660 568 Danubium
685 528 825 565 electus
841 553 854 572 ‚
871 533 908 562 et
933 522 1065 561 deinde
1087 533 1107 559 a
1131 522 1201 559 Se-

77 610 168 641 natu
194 601 399 649 Imperator
430 598 681 636 consalutatus
718 604 804 641 est,
845 593 912 642 qui
948 603 1063 641 quum
1103 591 1198 629 esset

80 672 203 710 bonae
223 670 362 708 indolis
388 669 472 715 vir,
499 668 693 705 Romanos
714 664 900 710 feliciores
924 662 1098 711 reddidit.
1128 662 1200 698 lm-

80 740 212 790 primis
243 738 475 787 disciplinam
501 737 696 775 militarem
727 735 920 774 emendare
944 732 1098 771 studuit.
1138 731 1200 769 Eo

81 819 251 859 tempore
287 809 389 847 filius
429 807 510 856 ejus
548 806 695 853 Titus‚·
739 805 805 853 qui
833 813 963 853 postea
1001 802 1036 840 ei
1070 801 1108 839 in
1133 800 1202 838 im-

82 879 189 930 perio
234 878 437 924 successit,
487 876 759 916 Praefecturam
805 872 982 912 Praetorii
1021 870 1201 918 suscepit.

87 975 114 998 „
139 951 382 997 Numquam,
409 947 534 994 inquit
569 946 594 984 S
611 944 886 991 uetonius‚
919 942 965 980 ad
989 942 1027 979 id
1051 950 1203 989 tempus

88 1046 114 1068 „
138 1017 212 1057 nisi
234 1018 280 1056 ab
307 1016 435 1066 equite
458 1017 631 1055 Romano
659 1013 950 1053 administratam
973 1012 1000 1028 ”
1025 1012 1111 1061 (ι).
1156 1010 1159 1013 “

1136 1080 1206 1120 Ti·

123 1208 179 1246 (ι)
200 1210 232 1237 In
253 1207 324 1236 Tito
344 1213 372 1236 c.
389 1208 419 1236 6.
438 1219 477 1227 —
496 1206 668 1242 Lipsius
692 1206 872 1235 Suetonium
894 1205 1009 1235 errasse
1025 1202 1151 1238 censet,
1170 1201 1208 1230 ad

86 1267 147 1295 loc.
163 1264 298 1295 Taciti
325 1266 411 1293 Ann.
432 1265 454 1293 l.
473 1265 525 1294 IV.
548 1272 576 1292 c.
593 1273 653 1301 40,
674 1263 727 1292 ubi
752 1265 920 1299 Imperator
949 1260 1093 1291 Tiberius
1112 1258 1205 1293 dicit,

87 1322 230 1357 Seianum
250 1321 410 1352 excesfisse
433 1321 493 1355 jam
520 1321 638 1356 pridem
667 1328 809 1356 equestre
838 1319 1003 1353 fastigium.
1041 1337 1064 1353 „
1087 1316 1209 1348 Credo,

87 1402 111 1420 „
132 1382 230 1418 inquit
247 1379 427 1416 Lipsius,
450 1378 520 1414 quia
539 1377 701 1406 Praetoriis
719 1376 886 1406 honoribus
907 1374 1059 1410 infignitus
1087 1371 1211 1406 Sejanus

86 1460 111 1479 „
131 1438 401 1473 a'riberio,atque
419 1435 460 1464 ita
479 1437 564 1464 velut
586 1442 725 1464 exemtus
736 1434 903 1470 Equiti,et
919 1432 1049 1461 insertus
1066 1431 1097 1459 in
1116 1432 1210 1459 Sena-

85 1517 111 1534 „
128 1503 204 1526 tum.
225 1495 286 1524 Sed
302 1502 333 1522 et
348 1500 456 1529 postea
472 1492 638 1521 Consulem
658 1499 728 1521 eum
738 1490 815 1519 fecit
826 1511 837 1527 ‚
858 1498 888 1518 et
898 1491 1078 1519 senatorem
1095 1490 1210 1523 palam.

85 1574 112 1591 „
133 1550 329 1582 Suetonii
354 1550 446 1585 igitur
473 1548 599 1584 scriptio
628 1548 679 1584 (in
707 1550 777 1577 Tito
804 1556 832 1576 c.
857 1548 905 1584 6.)
942 1554 1046 1575 nonne
1082 1545 1213 1580 legenda

89 1631 113 1646 ‚‚
133 1609 239 1638 caute?
263 1602 397 1636 videtur.
408 1605 428 1618 ”
466 1607 503 1633 Et
527 1605 608 1633 idem
631 1604 794 1639 Lipsius
813 1603 845 1631 in
864 1609 937 1631 nota
955 1603 992 1631 ad
1017 1603 1103 1630 Tac.
1122 1602 1214 1630 Hin-

89 1669 112 1697 1.
137 1667 192 1695 1v.
218 1674 248 1696 c.
272 1667 329 1699 68,
351 1662 421 1701 (ubi
439 1662 551 1697 legitur
561 1671 574 1690 :v
592 1660 768 1689 Arretinum
793 1661 984 1688 Clementem
1011 1658 1213 1687 praetorianis

88 1721 267 1761 praeposuit
280 1741 290 1757 ,
317 1727 495 1756 quamquam
515 1718 668 1748 Senatorii
691 1717 846 1755 ordinis),
867 1716 965 1744 dicit:
987 1735 1010 1751 ,‚
1033 1715 1213 1744 Suetonium

89 1799 114 1818 ,‚
134 1779 226 1815 igitur
243 1777 311 1813 quis
326 1778 434 1811 culpae
452 1782 579 1810 purgat,
599 1774 781 1802 scribentem
801 1773 903 1801 Titum
927 1773 1060 1808 primum
1085 1781 1102 1801 e
1121 1774 1214 1801 Sena-

86 1856 111 1874 „
135 1834 224 1864 roriis
249 1832 405 1869 praetorio
439 1829 684 1861 Praefectum3”
726 1830 1046 1865 oudendorpius
1075 1838 1151 1858 vero
1177 1830 1214 1858 ad

90 1895 198 1923 Suet.
227 1893 251 1921 1.
278 1892 300 1920 1.
326 1889 417 1918 dicit:
448 1908 473 1924 ‚,
502 1889 567 1924 Ego
594 1895 657 1917 non
676 1894 791 1916 temere
818 1886 930 1915 erroris
964 1887 1101 1915 accusem
1136 1887 1212 1916 Sue·

90 1970 118 1987 ‚,
133 1948 274 1983 tunium,
294 1945 348 1982 qui
366 1946 620 1974 administratam
638 1944 742 1980 posuit
758 1952 815 1979 pro
824 1944 1050 1972 administrari
1063 1944 1212 1979 solium,

91 2026 117 2045 ‚,
136 2013 195 2035 nec
211 2004 264 2040 qui
281 2003 478 2032 trimenstrem
493 2001 581 2030 illum
599 2002 795 2030 Consulatum
814 2000 932 2035 Equitis
954 1999 1074 2035 sejani,
1102 2009 1162 2036 quo
1183 2008 1216 2028 ut

92 2081 117 2099 „
138 2060 264 2097 Capreis
278 2061 404 2088 Romam
419 2059 589 2086 amandatus
606 2057 725 2086 facilius
744 2056 878 2085 subverti
907 2056 1010 2091 posset
1027 2064 1042 2083 a
1060 2056 1185 2084 Tiberio
1196 2077 1208 2092 ‚

91 2139 118 2157 ‚‚
136 2121 213 2149 clam
228 2118 287 2152 jam
299 2116 532 2150 tune..ejus10co
543 2115 740 2143 substituente
750 2114 940 2144 Praefectum
957 2114 1116 2142 Praetorio
1130 2114 1209 2142 Nae-

92 2197 118 2216 „
137 2177 221 2206 vium
240 2174 405 2205 sertorium
426 2175 623 2209 Macronem,
644 2174 708 2201 ullo
726 2174 797 2201 loco
814 2171 930 2200 habuit.
973 2171 1134 2199 Arretinus
1160 2177 1212 2197 ve·

92 2253 120 2271 ‚,
137 2241 173 2263 ro
194 2232 336 2261 Clemens
351 2238 412 2258 non
428 2231 555 2266 ordine,
575 2230 626 2258 sed
645 2231 773 2257 tumultu
793 2228 915 2256 militari
933 2235 990 2263 per
1006 2227 1182 2256 Mucianum
1194 2246 1205 2261 ,

96 2309 120 2327 ‚,
140 2297 201 2318 non
229 2296 283 2324 per
302 2289 517 2323 Imperatorem
542 2293 591 2314 aut
610 2288 749 2316 senatum
777 2283 976 2314 praetorianis
999 2283 1206 2318 praepositus,

1116 2356 1138 2373 ‚,
1163 2344 1214 2365 ne-
