1487 2850
241 219 292 257 44
465 196 1134 245 οοΜΜΕΝΊ-Ἀτῐο

242 327 358 365 quum
383 325 448 353 eos
479 322 515 351 et
542 312 776 362 locupletarit
814 319 851 350 et
887 312 1111 351 ornamentis
1148 311 1350 354 consulari·

238 387 312 424 bus
345 383 536 423 donaverit
560 383 642 431 (1).
695 383 822 432 Quum
850 382 1067 421 Antoninus
1102 383 1201 422 vitae
1231 383 1346 423 finem

235 453 360 493 adesse
382 452 531 491 sentiret
557 450 707 490 vocavit
732 451 870 489 amicos
897 459 934 489 et
958 450 1167 490 Praefectos
1182 480 1196 500 ‚
1222 460 1265 491 ut
1277 453 1344 493 M.

233 524 469 563 Antoninum
500 522 742 561 successorem
769 520 914 569 imperii
948 521 1123 559 omnibus
1158 532 1348 560 commen·

234 596 351 633 daret.
404 594 478 632 Hic
499 605 518 631 a
540 593 679 632 Senatu
703 593 908 639 Imperator
931 590 1139 639 appellatus
1164 589 1344 639 fratrem,

231 665 283 704 L.
299 665 439 702 Verum
460 663 710 702 Commodum
723 690 735 708 ,
749 661 895 710 imperii
922 661 1139 709 participem
1160 661 1346 710 reddidit,

230 744 397 783 tuncque
417 733 577 782 primum
605 731 799 779 imperium
832 731 1045 769 Romanum
1068 731 1165 769 duos
1189 730 1346 780 Augus·

229 813 291 843 tos
318 803 449 842 habuit
474 803 562 851 (2).
616 802 760 839 Deinde
786 802 832 839 ad
852 808 970 839 castra
995 796 1179 839 Praetoria'
1199 798 1235 838 se
1254 810 1348 838 con·

227 876 420 920 tulerunt,
448 871 601 920 fingulis
633 871 816 908 militibus
849 870 978 908 vicena
1001 871 1115 909 millia
1147 871 1343 909 nummum

227 944 357 981 dantes
393 950 547 990 propter
583 940 845 988 participatum
884 940 1105 987 imperium,
1143 948 1181 978 et
1213 939 1344 977 ceteris

225 1024 296 1061 pro
330 1020 406 1049 rata
432 1009 516 1058 (3).
559 1009 702 1046 Habuit
726 1009 788 1046 M.
813 1008 1031 1046 Antoninus
1056 1008 1152 1046 duos
1177 1007 1347 1047 Praefec-

226 1091 288 1121 tos
314 1080 531 1126 Praetorio,
559 1087 657 1117 teste
681 1078 714 1117 C
729 1077 999 1126 apitolino
1027 1078 1121 1127 (4):
1153 1105 1178 1125 ,‚
1204 1078 1346 1117 ducen-

227 1181 254 1202 „
278 1152 381 1190 tibus
411 1150 611 1188 exercitum
631 1149 739 1187 etiam
764 1147 916 1195 Legatis
949 1156 985 1184 et
1010 1145 1208 1186 Praefectis
1235 1147 1346 1186 Prae·

229 1252 254 1271 „
279 1222 394 1260 torio.
409 1221 436 1237 ’⁹
497 1219 601 1258 Patet
637 1229 791 1266 quoque
824 1229 869 1255 ex
903 1217 975 1255 hoe
1011 1217 1096 1254 loco
1129 1214 1342 1254 Praefectos
1370 1250 1376 1256 ,

223 1291 416 1331 Praetorio
439 1290 569 1329 solitos
595 1288 709 1327 fuisse
730 1298 997 1336 nonnunquam
1013 1287 1058 1325 ad
1073 1287 1210 1325 bellum
1224 1286 1341 1335 profi-

226 1362 316 1401 cisci
331 1389 346 1409 ‚
379 1369 421 1398 ut
439 1361 512 1410 jam
537 1357 838 1397 memoravimus.
864 1358 972 1395 Alter
997 1357 1210 1395 Praefectus
1233 1357 1343 1396 Prae·

223 1432 322 1470 torio
349 1430 415 1469 sub
447 1429 581 1467 Marco
607 1427 680 1466 fuit
710 1427 838 1465 Rufus
875 1425 1082 1474 Bassaeus‚
1117 1427 1174 1465 vir
1217 1435 1339 1466 cetera

221 1501 347 1539 bouus
362 1528 375 1546 ‚
403 1507 446 1536 ut
470 1498 521 1535 ait
545 1499 579 1535 D
594 1496 667 1544 io,
690 1496 751 1534 sed
776 1504 930 1543 propter
952 1495 1126 1532 rusticam
1155 1495 1337 1543 originem

220 1571 372 1619 ignarus
406 1567 616 1605 literarum:
675 1565 816 1613 quippe
842 1564 908 1613 qui
936 1575 1030 1612 puer
1057 1565 1095 1602 in
1122 1573 1338 1614 paupertate

220 1642 397 1679 educatus
426 1623 534 1676 esset.
585 1636 640 1674 Ita
668 1645 823 1684 quoque
848 1634 1073 1673 Avidius
1106 1635 1335 1674 Cassius

588 1700 591 1702 ’
1298 1705 1339 1744 in

261 1817 312 1856 (ι)
334 1816 618 1852 Capitolinus,
640 1816 703 1844 1.1.
727 1822 756 1844 c.
783 1823 828 1844 ιο.

260 1873 312 1911 (2)
333 1875 499 1908 Eutrop.
523 1874 546 1900 l.
564 1873 642 1901 VIII.
665 1879 691 1901 c.
713 1881 741 1908 9.
762 1885 798 1893 —
818 1870 995 1906 Capitol.
1017 1872 1077 1900 vie.
1101 1874 1142 1900 M.
1173 1870 1332 1899 Antonius·

222 1940 252 1960 c.
276 1941 305 1966 7.
1149 1957 1153 1959 r

258 1986 310 2025 (3)
333 1986 508 2022 Capitol.
531 1988 553 2015 l.
573 1988 594 2015 1.
611 1994 638 2015 c.
652 1995 681 2022 7.
713 1987 833 2013 Ceteris
852 1992 909 2021 pro
935 1992 1029 2020 rata,
1050 1985 1072 2014 i.
1089 1992 1118 2014 e.
1137 1984 1245 2014 vicena
1261 1983 1331 2013 mil-

217 2045 259 2074 lia
281 2044 433 2079 legitimus
458 2043 516 2071 fuit
537 2044 644 2071 modus
669 2042 806 2071 donativi
837 2042 957 2077 lingulis
990 2040 1154 2076 militibus,
1195 2041 1333 2077 praeser-

217 2101 274 2130 tim
291 2100 509 2136 praetorianis,
531 2101 612 2136 quod
637 2101 706 2128 dare
735 2099 871 2128 solebant
896 2100 1095 2134 Imperatores
1122 2105 1192 2134 ‘post
1208 2098 1329 2133 suscep-

217 2165 281 2186 tum
303 2156 474 2192 imperium.
516 2158 573 2186 sed
593 2156 831 2186 Centurionibus
855 2157 980 2192 duplum
997 2156 1124 2192 dabant,
1142 2162 1174 2185 et
1191 2153 1332 2186 Tribunis

219 2221 252 2242 et
269 2213 430 2243 Praefectis
446 2215 556 2242 alarum
577 2215 786 2250 quadruplum.

257 2270 311 2309 (4)
330 2271 352 2299 l.
375 2271 398 2299 1.
422 2278 452 2301 c.
474 2278 523 2300 22.
