1487 2850
375 232 1033 273 ASTRONOMJCA·
1216 245 1259 274 ιιι

159 343 260 383 „112¹
281 342 410 381 multis
442 344 511 382 hae
557 342 722 382 methodi
757 342 1014 389 conveniunt,
1041 341 1123 380 etsi.
1154 342 1264 389 longe

146 411 412 453 dissimillimae
442 425 523 451 esse
561 414 771 452 videantur.
840 414 922 451 Imo
955 411 1139 461 explicitis
1184 412 1266 449 uni-

144 482 293 531 versis,
330 484 540 522 luculenter
578 483 800 531 apparebit,
840 494 970 520 ornnes
1001 481 1181 529 omnino,
1210 482 1268 519 ul-

145 551 239 590 timo
261 564 380 601 casu,
406 555 452 593 ad
477 553 631 602 primam
661 552 821 601 speciem
848 553 1059 600 pertinere3
1089 553 1160 589 hoc
1181 560 1263 599 ests

146 622 478 672 exquiristempus
520 623 833 669 Grenovicense.,
876 635 952 670 quo
982 625 1267 671 phaenomenon

145 691 301 742 aliquod
322 694 446 732 nautis
470 692 698 742 apparuerit.
754 692 945 740 Principio
984 693 1186 739 duntaxat,
1226 701 1268 730 ut

147 762 341 809 diximus,
353 764 482 801 eodem
505 773 633 800 omnes
656 762 891 800 innituntur:
923 772 1152 811 quapropter
1174 763 1238 800 has
1254 790 1267 810 ‚

144 833 340 870 communi
368 835 706 871 astronomicarum
741 833 894 870 nomine
930 833 1153 881 insignitas,
1193 843 1273 870 sec-

150 901 255 940 tione
287 901 414 950 priore
452 903 679 952 explicab03
704 918 708 921 -
730 903 919 951 reliqum,
975 902 1057 940 aliis
1097 903 1238 941 innixas
1256 929 1268 949 ,

151 971 366 1019 posteriore
396 972 614 1010 traditurus.

305 1077 646 1123 “CAPUT
697 1086 1058 1125 PRIMUM.

179 1194 377 1222 METHOm
396 1196 784 1224 PHAENOMENORUM
811 1197 1246 1226 TAUTOCHRONORUM.

660 1306 680 1352 §
739 1317 755 1343 1
765 1332 778 1344 .

578 1413 713 1450 Primi
709 1416 831 1464 pium.

207 1522 380 1561 Theseos
407 1525 535 1571 paullo
562 1534 646 1563 ante
681 1535 904 1564 memoratae
943 1528 1178 1566 corollarium
1205 1542 1275 1578 po·

144 1592 280 1633 -nimus
329 1594 472 1633 hocce:
534 1597 564 1632 si
591 1596 875 1647 ‘phano-menon
922 1596 1077 1647 aliquod
1115 1601 1277 1649 repenti-

155 1660 242 1702 nu'm
276 1663 414 1703 duobus
458 1667 498 1702 in
532 1667 619 1705 locis
654 1666 887 1705 observatum
918 1676 972 1706 est
989 1695 1002 1714 ‚
1039 1676 1244 1719 temporum
1262 1697 1276 1715 ‚

154 1734 286 1784 quibus
320 1737 530 1787 apparuit,
556 1735 796 1784 differentia,
824 1739 906 1787 ipsa
932 1737 1177 1787 longitudinis
1201 1740 1276 1776 erit

152 1803 384 1854 differentia.
421 1806 510 1844 Vox
523 1808 758 1857 repentinum
775 1807 990 1856 explicanda
1004 1816 1076 1846 est.
1105 1808 1274 1847 Phaeno-

153 1885 291 1913 menon
315 1877 585 1914 tautochronon
600 1878 903 1925 (instantaneum
919 1906 932 1925 ‚
944 1887 1235 1916 momentaneum
1251 1906 1265 1926 ‚

153 1944 413 1996 repentinum)
457 1954 542 1994 est,
580 1946 686 1994 quod
723 1947 853 1985 eodem
891 1947 1070 1996 temporis
1105 1956 1248 1995 puncto
1261 1935 1283 1996 ,’

153 2017 258 2054 nulla
282 2016 569 2064 horologiorum
585 2016 711 2055 habita
739 2016 884 2054 ratione
898 2044 910 2063 ,
934 2017 1015 2054 sive
1038 2017 1167 2054 eodem
1194 2029 1275 2055 mo-

154 2093 281 2124 mento
318 2087 509 2135 physico,
548 2086 652 2134 quod
691 2087 817 2135 aJ‘unt‚
845 2086 992 2124 cunctis
1019 2086 1133 2135 hujus
1167 2088 1276 2126 tellu-

152 2157 206 2194 ris
236 2156 372 2195 incolis
404 2164 570 2205 apparet.
657 2155 735 2194 Res
779 2168 800 2193 e
860 2156 1048 2194 contrario
1097 2157 1275 2196 illustrari

154 2234 297 2275 potest.
325 2227 457 2275 Itaque
473 2255 485 2274 ,
521 2237 607 2264 cum
633 2226 791 2264 bombae
814 2227 1004 2275 projectae
1027 2225 1155 2276 fragor
1179 2228 1275 2265 duo-

156 2296 230 2335 bus
271 2298 312 2336 in
345 2297 441 2336 locis
476 2297 626 2335 auditus
666 2306 747 2344 est,
787 2307 1020 2345 nequaquam
1060 2307 1109 2336 ex
1148 2296 1277 2336 obser-

1214 2375 1280 2403 va·
