1487 2850
277 259 339 313 ’Ἱὸ
641 256 1030 309 oR-AT'IO.

279 423 365 483 'q'ua
425 416 467 467 is¹
511 426 598 472 eat,
656 420 725 476 q'ui
768 410 1016 476 exsequendi
1062 421 1171 478 leges
1226 415 1386 479 aliaque

275 494 454 545 'curandi
469 500 723 557 potestatem·
740 496 912 548 habeat,
937 511 1060 553 quam
1078 497 1148 553 qui
1171 497 1272 554 quid
1296 498 1385 542 fieri

282 577 496 636 oporteat,
524 573 711 617 universe
737 573 900 628 jubeat3
921 579 965 616 ut
980 588 1079 617 vero
1101 573 1198 627 fiat,
1219 574 1261 618 id
1276 575 1386 619 alio-

272 669 367 697 rum
395 652 503 696 curis
521 682 532 703 ‚
562 649 658 692 fidei
681 663 730 692 ac
755 649 988 707 diligentiae
1015 651 1260 695 committat.

334 714 561 785 Intelligitis
583 733 716 770 autem
750 727 801 770 A.
834 727 887 772 A.
920 726 1234 781 humanissimi,
1265 743 1289 771 a
1316 741 1384 772 me

276 806 358 851 diei
389 813 429 849 et
459 818 556 848 vero
589 803 810 847 dicendum
836 817 927 847 esse
954 803 1005 847 de
1030 804 1140 862 leges
1173 805 1385 849 scribendi

274 888 314 928 et
360 868 614 938 *exsequendi
663 886 870 939 potestate
913 895 1021 937 quae
1074 864 1253 924 sumnia
1287 888 1382 936 est,

268 961 355 1004 'sive
380 946 427 1003 ea
446 973 569 1015 quam
591 957 661 1014 qui
678 956 833 1000 habeat
850 988 863 1010 ,
887 957 923 1000 is
952 957 1076 1010 nulli,
1094 953 1383 1015 tanquam'qui

249 1036 350 1081 »sibi
382 1034 573 1094 superior
603 1033 682 1086 sit,
719 1034 903 1077 rationes
936 1034 1098 1078 reddat.
1162 1035 1230 1078 Ad
1271 1035 1382 1079 hanc

270 1099 395 1171 igitur
433 1111 643 1155 rationem
678 1111 714 1154 si
752 1110 928 1155 civitatis
962 1098 1268 1156 ordiuation'em
1302 1113 1381 1156 de·-

271 1189 427 1248 scripta
462 1174 715 1246 cogitemus,
743 1188 946 1232 fateamur
973 1203 1142 1234 necesse
1174 1197 1261 1243 est,
1295 1190 1381 1233 im-

260 1265 371 1325 perii
389 1265 466 1309 vim
483 1280 527 1309 re
541 1265 637 1324 ipsa'
652 1273 690 1309 et
713 1263 864 1309 effectu
883 1280 1011 1324 penes
1030 1267 1132 1323 legis
1160 1274 1374 1311 auctorem

265 1357 348 1387 non
370 1357 485 1395 esse,
512 1341 584 1386 sed
609 1356 738 1401 penes
766 1357 881 1395 eum,
912 1342 982 1399 qui
1012 1342 1113 1386 nulli
1147 1343 1379 1388 submissus

265 1435 345 1480 pro
382 1419 552 1464 arbitrio
583 1420 692 1477 leges
729 1427 799 1462 aut
833 1427 968 1464 servet
995 1427 1065 1464 aut
1094 1427 1346 1465 contemnat.

322 1484 502 1542 Tantum
542 1496 668 1554 igitur
707 1496 850 1549 abest,
893 1504 938 1540 ut
979 1497 1050 1553 qui
1078 1497 1136 1541 ita
1169 1497 1377 1551 sentiant,

266 1574 511 1618 adversariis
556 1573 808 1631 largiantur,
854 1574 990 1617 varias
1040 1574 1205 1633 imperii
1250 1575 1378 1619 civilis

265 1659 407 1711 partes
446 1651 517 1695 uni
566 1659 606 1694 et
645 1649 764 1694 alteri
803 1650 1121 1694 committendas
1160 1658 1285 1707 atque
1327 1664 1377 1696 eo

267 1728 354 1784 jure
384 1728 610 1771 tradendas
652 1742 764 1780 esse,
803 1734 847 1770 ut
888 1733 1063 1783 uterque
1095 1741 1257 1771 summa
1292 1741 1380 1787 po-

264 1810 412 1847 testate
457 1805 535 1848 sibi
579 1805 801 1848 mandatae
838 1803 993 1861 praesit
1022 1804 1287 1862 provinciae,
1330 1813 1378 1849 ut

268 1888 413 1923 contra
434 1881 532 1924 illud
565 1895 642 1925 nec
672 1881 762 1924 fieri
787 1894 934 1938 posse,
967 1887 1035 1932 et,
1063 1880 1097 1923 si
1122 1882 1291 1939 po'sset,
1311 1876 1377 1926 ci-

267 1956 384 2000 vibus
411 1963 450 2000 et
480 1957 635 2000 civitati
666 1958 840 2001 multum
883 1970 1034 2000 nocere
1061 1964 1257 2002 statuant.

321 2032 425 2076 Cum
451 2048 550 2077 vero
586 2049 790 2077 summum
825 2033 927 2076 illud
948 2033 1169 2092 imperium
1192 2035 1236 2077 in
1271 2034 1378 2079 civi-

262 2116 348 2152 tate
377 2110 488 2167 apud
518 2110 695 2167 aliquem
724 2111 777 2154 sit
791 2124 960 2154 necesse
976 2117 1064 2162 est,
1097 2110 1198 2154 illud
1218 2112 1377 2170 optime

264 2182 465 2228 committi
481 2194 669 2230 censetur
683 2187 740 2230 illi
758 2186 828 2243 qui
843 2187 952 2244 leges
975 2187 1153 2241 condat,
1178 2188 1249 2246 qui
1275 2188 1377 2246 quid

263 2277 286 2306 a
304 2261 462 2305 civibus
487 2262 599 2315 fieri,
626 2263 727 2319 quid
759 2264 895 2308 omitti
925 2264 1100 2318 debeat,
1129 2265 1371 2311 constituat.

318 2339 404 2383 Nec
440 2345 576 2383 tamen
603 2339 701 2385 inde
731 2340 1009 2399 colligendum
1044 2356 1160 2397 esse,
1204 2341 1264 2387 illi
1295 2356 1374 2387 nos

1275 2433 1375 2464 mo.
