1487 2850
309 207 966 256 As.T,Ro-NOMICA.
1149 217 1197 263 87

88 316 303 369 geodaesice
357 318 632 368 coniungantur
653 346 668 367 ‚
733 327 846 367 atque
899 318 1195 362 observatorium

86 385 178 425 adeo
211 385 366 434 aliquod
399 394 525 427 exacte
555 386 775 435 definitum,
801 388 959 436 exempli
985 387 1100 434 gratia
1129 389 1196 428 Pa-

81 455 266 504 risiense,
311 465 497 505 tamquam
525 456 630 495 basin
660 457 746 505 eligi
769 468 912 505 posse,
957 457 1056 494 unde
1082 469 1192 505 quam

80 526 328 576 plurimorum
362 528 533 566 locorum
571 526 667 566 situs
702 528 873 575 pendeat,
936 527 988 565 Et
1015 527 1081 565 hac
1109 528 1193 575 qui-

80 593 165 633 dem
187 595 333 634 ratione
356 595 495 634 factum
523 604 579 632 est
595 621 609 643 ,
643 604 685 633 ut
711 596 850 633 ultimis
883 595 984 633 hisce
1016 596 1194 643 tempori-

79 663 154 703 bns
177 664 217 704 in
243 665 417 704 universo
451 664 622 702 cultioris
650 665 828 713 Europae
867 673 988 710 tractu
1019 666 1193 713 pleraque

80 734 162 774 loca
192 746 301 785 quam
328 733 603 773 accuratissime
631 733 708 772 sint
737 734 993 774 determinata.

496 887 535 914 2.
585 875 767 914 Mariua.

130 1014 191 1053 Ex
226 1025 303 1062 quo
330 1023 495 1065 tempore
519 1023 609 1064 post
639 1023 698 1054 tot
729 1023 927 1064 tantasque
954 1014 1082 1055 turbas
1107 1011 1195 1064 gen-

83 1091 140 1122 tes
164 1083 409 1133 Europaeae,
446 1094 557 1125 exuta
588 1086 698 1124 medii
733 1086 812 1125 aevi
837 1086 1031 1134 barbarie,
1060 1098 1197 1125 merca·

81 1159 185 1193 turae
215 1161 327 1202 atque
350 1154 577 1203 navigationi
606 1156 697 1193 adeo
732 1166 882 1204 operam
905 1156 1195 1205 impenderunt,

77 1221 371 1273 Portogallicum
397 1225 551 1267 maxime
574 1225 748 1273 ineunte,
784 1226 874 1269 dein,
897 1226 1106 1277 Hispanum
1129 1238 1196 1265 ex-

77 1300 191 1330 eunte
215 1293 362 1331 saeculo
394 1293 492 1342 XV,
518 1293 757 1333 inclarescere
779 1306 918 1334 nomen
942 1296 1089 1344 coepit:
1119 1296 1195 1335 imo

77 1370 217 1400 novum
244 1363 421 1401 mundum
437 1391 451 1410 ‚
482 1375 547 1412 per
569 1364 680 1403 maria
703 1364 741 1403 id
770 1366 950 1414 temporis
978 1367 1193 1413 inaccessa,

76 1433 196 1471 audax
223 1433 257 1471 C
271 1433 470 1471 olumbi
499 1435 638 1473 detexit
660 1435 871 1483 ingenium.
923 1436 953 1473 B
967 1436 1200 1475 artholo-

79 1511 192 1551 meo¹
227 1501 356 1540 Diaz
396 1502 442 1541 ad
466 1511 579 1552 caput
611 1515 735 1552 usque
761 1513 1023 1544 tormentosum
1058 1506 1198 1556 (bonae

78 1570 176 1622 spei)
201 1581 425 1620 progressus
467 1581 545 1611 est.
597 1573 771 1612 Vasco
797 1575 852 1612 de
876 1575 1029 1614 Gama
1061 1586 1197 1614 novam

81 1641 305 1679 monstravit
330 1641 370 1679 in
393 1641 544 1680 Indiam
580 1643 692 1682 viam.
745 1643 898 1683 Scilicet
932 1645 1036 1683 aurei
1065 1645 1198 1684 Indiae

79 1717 221 1763 tractus
247 1710 292 1747 ab
319 1710 476 1760 antiquo
501 1712 587 1750 inde
618 1724 709 1751 aevo
735 1714 940 1763 plerosque
962 1714 1130 1753 homines
1153 1716 1199 1753 ad

79 1790 122 1818 se
160 1780 392 1821 allicuerant.
443 1782 590 1821 Exinde
626 1795 798 1833 quaeque
839 1784 1032 1823 erectioris
1060 1784 1198 1822 indolis

80 1858 212 1900 gentes
225 1879 241 1900 ,
276 1850 416 1891 Batavi
441 1851 624 1902 imprimis
652 1862 690 1893 et
717 1854 838 1905 Angli
849 1882 864 1902 ,
890 1854 1003 1893 maria
1035 1865 1202 1902 quaqua-

79 1931 230 1962 versum
263 1923 421 1960 lustrare
455 1932 677 1972 coeperunt.
713 1924 865 1963 Interim
887 1936 947 1963 ars
971 1924 1201 1973 navigatoria

81 2000 129 2028 eo
143 1997 310 2040 tempore
333 1991 373 2030 in
393 1991 548 2031 infantia
575 2001 678 2032 erat:
706 1994 782 2033 imo
798 2022 813 2043 ‚
840 1994 874 2033 si
898 1994 1116 2032 hodiernum
1137 1994 1203 2033 ad-

80 2059 217 2109 spicias
240 2072 373 2100 rerum
409 2062 605 2110 habitum,
632 2063 813 2103 marinum
855 2064 925 2102 iter
954 2071 1098 2102 tantum
1122 2073 1201 2101 non

75 2130 312 2171 temerarium
346 2132 539 2170 vocaveris
567 2133 772 2181 negotium.
800 2134 860 2172 De
885 2132 1077 2172 veteribus
1103 2132 1201 2172 enim

77 2200 345 2250 Phoenicibus,
373 2202 555 2246 Graccis,
581 2202 953 2254 Carthaginiensibus
987 2214 1089 2242 nunc
1121 2213 1200 2241 non

74 2269 220 2318 agimus
236 2299 251 2320 ,
300 2271 400 2322 qui,
451 2284 652 2323 quousque
692 2275 839 2316 tandem
881 2274 1076 2327 progressi
1125 2273 1202 2311 sint

1067 2342 1203 2391 (quip-
