1487 2850
472 199 856 248 ORATIO.
1170 210 1222 254 21

109 354 309 409 monent,
331 356 413 399 vim
436 356 557 401 'illam
590 359 858 413 executricis‚
884 375 1009 418 quam
1039 370 1217 416 vocant,

105 433 352 490 potestatis,
396 433 480 478 sive
513 450 559 479 ea
590 451 718 494 penes
750 437 989 497 Principem
1022 439 1107 483 sive
1131 455 1213 498 pe·-

100 522 174 553 nes
204 511 344 569 plures
373 510 454 564 sit,
501 512 743 557 arctissimis
786 513 1078 558 includendam
1123 531 1213 561 esse

97 583 272 642 finibus;
312 587 435 632 nimis
477 588 584 632 enim
627 597 840 634 coarctata
879 598 1106 650 potestate,
1138 593 1210 652 ip-

95 661 181 707 sius
209 663 375 723 imperii
405 665 536 724 vigori
561 673 601 710 et
625 667 799 711 civitatis
824 667 946 713 saluti
972 669 1076 713 male
1100 683 1208 714 con-

94 739 173 783 suli
201 740 377 787 videtur.

148 817 245 874 Qua
265 833 364 863 vero
387 820 547 878 optima
565 821 726 866 ratione
747 837 795 867 ex
810 823 934 868 variis
951 824 1204 883 diversisque

87 890 253 951 imperii
272 895 462 953 partibus
489 906 768 956 componatur
798 901 1010 959 regiminis
1041 904 1203 956 forma,

86 967 363 1029 investigare,
403 972 526 1029 hujus
571 975 653 1019 loci
697 991 783 1020 non
821 985 900 1024 est.
962 980 1053 1023 Alia
1079 988 1204 1038 atque

86 1046 166 1089 alia
200 1050 362 1093 ratione
400 1049 444 1093 id
481 1051 572 1095 fieri
607 1067 761 1110 posse,
818 1055 854 1098 si
896 1068 984 1100 non
1023 1057 1067 1100 id
1109 1058 1203 1117 ipsa

83 1136 151 1167 res
179 1137 258 1168 nos
297 1125 492 1180 doceret,
541 1129 798 1186 probaretur
848 1133 1047 1192 exemplis
1093 1149 1200 1191 quae

81 1199 286 1245 habemus
305 1202 349 1245 in
370 1211 539 1248 nostrae
553 1205 720 1250 Patriae
735 1239 747 1260 ,
762 1207 937 1266 Angliae
950 1241 963 1263 ‚
988 1209 1196 1255 Franciae

79 1275 338 1336 aliarumque
365 1279 575 1325 civitatum
605 1283 736 1328 sacris
766 1284 931 1345 imperii
964 1288 1137 1346 legibus.

137 1355 188 1398 Id
228 1363 345 1401 certo
387 1373 510 1402 nemo
551 1359 742 1418 ignorat,
786 1363 888 1406 nihil
915 1365 1075 1410 facilius
1101 1381 1190 1412 esse

76 1446 204 1488 quam
229 1448 360 1478 novas
395 1435 630 1495 iterumque
660 1453 790 1483 novas
824 1440 904 1484 sibi
946 1456 1188 1502 proponere

75 1516 147 1553 aut
171 1509 326 1568 fingere
355 1511 592 1567 doctrinas,
620 1514 663 1559 in
689 1517 835 1574 populi
859 1519 1030 1563 salutem
1046 1553 1057 1572 ‚
1080 1536 1188 1578 quae

73 1585 278 1644 habetur3
308 1589 412 1632 nihil
443 1598 578 1634 autem
608 1592 839 1648 difficilius,
865 1611 989 1653 quam
1017 1599 1184 1643 easdem

71 1663 128 1706 ad
154 1679 274 1708 usum
304 1668 533 1712 transferre
572 1676 613 1712 et
656 1684 764 1726 quae
806 1671 864 1715 ita
906 1673 1043 1718 verbis
1086 1683 1181 1719 sunt

68 1741 300 1799 promissa,
330 1758 377 1787 re
407 1743 500 1802 ipsa
533 1752 572 1788 et
598 1746 712 1790 sacto
737 1749 960 1807 complere.

124 1817 208 1862 Per
247 1818 406 1876 aliquot
447 1835 588 1866 eamus
626 1825 840 1883 exempla,
880 1842 905 1871 a
942 1828 1176 1876 civitatibus

65 1901 222 1948 sumta,
251 1896 403 1952 quibus
435 1913 551 1942 suam
583 1899 635 1944 de
659 1900 825 1960 imperii
851 1904 1069 1961 partibus,
1093 1898 1176 1965 pro

63 1969 214 2015 civium
246 1974 376 2018 salute
391 2006 404 2028 ,
428 1974 739 2033 diligentissime
764 1981 1013 2037 separandis
1038 1998 1174 2040 neque

61 2048 143 2093 ulla
155 2049 316 2094 ratione
329 2051 648 2111 conjungendis,
664 2068 754 2098 non
772 2055 867 2100 dico
883 2058 1147 2116 probabilem
1157 2095 1170 2116 ,

60 2140 202 2170 verum
216 2134 395 2182 certam,
419 2144 559 2173 verum
583 2130 798 2176 indubiam
814 2134 959 2189 reddi,
973 2136 1053 2181 sibi
1068 2152 1172 2196 per-

61 2204 237 2249 suadent
265 2205 436 2263 aliisque
468 2209 722 2265 persuadere
758 2220 963 2258 conantur
988 2214 1166 2273 plurimi.

117 2281 184 2327 Ad
222 2283 403 2341 patriam
448 2286 592 2348 oculos
629 2286 663 2331 si
705 2296 914 2334 vertamus
963 2298 1002 2335 et
1037 2292 1170 2349 legem

1097 2381 1174 2426 per
