<?xml version="1.0" encoding="UTF-8"?>
<!DOCTYPE html PUBLIC "-//W3C//DTD XHTML 1.0 Transitional//EN"
    "http://www.w3.org/TR/xhtml1/DTD/xhtml1-transitional.dtd">
<html xmlns="http://www.w3.org/1999/xhtml" xml:lang="en" lang="en">
 <head>
  <title>
</title>
<meta http-equiv="Content-Type" content="text/html;charset=utf-8" />
  <meta name='ocr-system' content='tesseract 3.04.00' />
  <meta name='ocr-capabilities' content='ocr_page ocr_carea ocr_par ocr_line ocrx_word'/>
</head>
<body>
  <div class='ocr_page' id='page_1' title='image "annalesacademiae30acad_0040.png"; bbox 0 0 1487 2850; ppageno 0'>
   <div class='ocr_carea' id='block_1_1' title="bbox 243 199 352 244">
    <p class='ocr_par' dir='ltr' id='par_1_1' title="bbox 243 199 352 244">
     <span class='ocr_line' id='line_1_1' title="bbox 243 199 352 244; baseline 0 -14"><span class='ocrx_word' id='word_1_1' title='bbox 243 199 352 244; x_wconf 65' lang='lat' dir='ltr'><strong>xxx</strong></span> 
     </span>
    </p>
   </div>
   <div class='ocr_carea' id='block_1_2' title="bbox 227 334 1347 2255">
    <p class='ocr_par' dir='ltr' id='par_1_2' title="bbox 239 334 1347 614">
     <span class='ocr_line' id='line_1_2' title="bbox 243 334 1347 399; baseline -0.002 -13"><span class='ocrx_word' id='word_1_2' title='bbox 243 338 503 399; x_wconf 84' lang='lat' dir='ltr'><strong>Septembris</strong></span> <span class='ocrx_word' id='word_1_3' title='bbox 540 336 709 394; x_wconf 84' lang='lat' dir='ltr'><strong>hujusce</strong></span> <span class='ocrx_word' id='word_1_4' title='bbox 750 334 849 378; x_wconf 86' lang='lat' dir='ltr'><strong>anni</strong></span> <span class='ocrx_word' id='word_1_5' title='bbox 885 334 1025 390; x_wconf 84' lang='lat' dir='ltr'><strong>edito,</strong></span> <span class='ocrx_word' id='word_1_6' title='bbox 1073 336 1257 397; x_wconf 82' lang='lat' dir='ltr'><strong>Linguae</strong></span> <span class='ocrx_word' id='word_1_7' title='bbox 1296 353 1347 384; x_wconf 84' lang='lat' dir='ltr'><strong>ac</strong></span> 
     </span>
     <span class='ocr_line' id='line_1_3' title="bbox 241 411 1346 469; baseline 0 -9"><span class='ocrx_word' id='word_1_8' title='bbox 241 416 497 460; x_wconf 86' lang='lat' dir='ltr'><strong>Literaturae</strong></span> <span class='ocrx_word' id='word_1_9' title='bbox 524 411 903 469; x_wconf 84' lang='lat' dir='ltr'><strong>Franco-gallicae</strong></span> <span class='ocrx_word' id='word_1_10' title='bbox 938 412 1157 458; x_wconf 87' lang='lat' dir='ltr'><strong>Lectorem</strong></span> <span class='ocrx_word' id='word_1_11' title='bbox 1189 415 1346 460; x_wconf 89' lang='lat' dir='ltr'><strong>dictum</strong></span> 
     </span>
     <span class='ocr_line' id='line_1_4' title="bbox 239 487 1345 546; baseline -0.001 -9"><span class='ocrx_word' id='word_1_12' title='bbox 239 507 328 537; x_wconf 89' lang='lat' dir='ltr'><strong>esse</strong></span> <span class='ocrx_word' id='word_1_13' title='bbox 360 492 617 535; x_wconf 83' lang='lat' dir='ltr'>GEORGIUM</span> <span class='ocrx_word' id='word_1_14' title='bbox 649 487 892 532; x_wconf 78' lang='lat' dir='ltr'>CAROLUM</span> <span class='ocrx_word' id='word_1_15' title='bbox 914 489 1167 546; x_wconf 78' lang='lat' dir='ltr'>VERENET‚</span> <span class='ocrx_word' id='word_1_16' title='bbox 1198 492 1345 537; x_wconf 88' lang='lat' dir='ltr'><strong>Virum</strong></span> 
     </span>
     <span class='ocr_line' id='line_1_5' title="bbox 239 569 573 614; baseline -0.003 0"><span class='ocrx_word' id='word_1_17' title='bbox 239 569 573 614; x_wconf 84' lang='lat' dir='ltr'><strong>eruditissimum.</strong></span> 
     </span>
    </p>

    <p class='ocr_par' dir='ltr' id='par_1_3' title="bbox 227 643 1347 2255">
     <span class='ocr_line' id='line_1_6' title="bbox 293 643 1345 696; baseline -0.002 -5"><span class='ocrx_word' id='word_1_18' title='bbox 293 648 383 691; x_wconf 71' lang='lat' dir='ltr'><strong>Die</strong></span> <span class='ocrx_word' id='word_1_19' title='bbox 425 661 463 690; x_wconf 76' lang='lat' dir='ltr'><strong>x</strong></span> <span class='ocrx_word' id='word_1_20' title='bbox 502 647 666 688; x_wconf 71' lang='lat' dir='ltr'><strong>mensis</strong></span> <span class='ocrx_word' id='word_1_21' title='bbox 707 643 1000 696; x_wconf 79' lang='lat' dir='ltr'><strong>Novembris,</strong></span> <span class='ocrx_word' id='word_1_22' title='bbox 1041 658 1089 688; x_wconf 86' lang='lat' dir='ltr'><strong>ea</strong></span> <span class='ocrx_word' id='word_1_23' title='bbox 1122 652 1218 689; x_wconf 88' lang='lat' dir='ltr'><strong>sunt</strong></span> <span class='ocrx_word' id='word_1_24' title='bbox 1250 651 1345 689; x_wconf 80' lang='lat' dir='ltr'><strong>acta</strong></span> 
     </span>
     <span class='ocr_line' id='line_1_7' title="bbox 236 720 1344 780; baseline -0.003 -12"><span class='ocrx_word' id='word_1_25' title='bbox 236 722 440 776; x_wconf 78' lang='lat' dir='ltr'><strong>solennia,</strong></span> <span class='ocrx_word' id='word_1_26' title='bbox 471 722 542 766; x_wconf 72' lang='lat' dir='ltr'><strong>hic</strong></span> <span class='ocrx_word' id='word_1_27' title='bbox 565 720 710 780; x_wconf 84' lang='lat' dir='ltr'><strong>paucis</strong></span> <span class='ocrx_word' id='word_1_28' title='bbox 735 721 1127 774; x_wconf 85' lang='lat' dir='ltr'><strong>commemoranda,</strong></span> <span class='ocrx_word' id='word_1_29' title='bbox 1157 721 1202 764; x_wconf 90' lang='lat' dir='ltr'><strong>in</strong></span> <span class='ocrx_word' id='word_1_30' title='bbox 1225 722 1344 773; x_wconf 54' lang='lat' dir='ltr'><strong>Rec÷</strong></span> 
     </span>
     <span class='ocr_line' id='line_1_8' title="bbox 236 796 1346 860; baseline -0.005 -14"><span class='ocrx_word' id='word_1_31' title='bbox 236 802 339 846; x_wconf 85' lang='lat' dir='ltr'><strong>toris</strong></span> <span class='ocrx_word' id='word_1_32' title='bbox 364 808 498 845; x_wconf 89' lang='lat' dir='ltr'><strong>autem</strong></span> <span class='ocrx_word' id='word_1_33' title='bbox 528 797 715 842; x_wconf 87' lang='lat' dir='ltr'><strong>oratione</strong></span> <span class='ocrx_word' id='word_1_34' title='bbox 743 796 910 841; x_wconf 90' lang='lat' dir='ltr'><strong>uberius</strong></span> <span class='ocrx_word' id='word_1_35' title='bbox 944 797 1203 851; x_wconf 85' lang='lat' dir='ltr'><strong>enarranda,</strong></span> <span class='ocrx_word' id='word_1_36' title='bbox 1236 811 1346 860; x_wconf 23' lang='lat' dir='ltr'><strong>quae.</strong></span> 
     </span>
     <span class='ocr_line' id='line_1_9' title="bbox 233 873 1342 932; baseline -0.006 -9"><span class='ocrx_word' id='word_1_37' title='bbox 233 877 482 923; x_wconf 85' lang='lat' dir='ltr'><strong>Academiae</strong></span> <span class='ocrx_word' id='word_1_38' title='bbox 533 875 700 932; x_wconf 86' lang='lat' dir='ltr'><strong>ejusque</strong></span> <span class='ocrx_word' id='word_1_39' title='bbox 753 873 923 918; x_wconf 85' lang='lat' dir='ltr'><strong>Civibus</strong></span> <span class='ocrx_word' id='word_1_40' title='bbox 962 888 1056 918; x_wconf 89' lang='lat' dir='ltr'><strong>cum</strong></span> <span class='ocrx_word' id='word_1_41' title='bbox 1099 874 1342 932; x_wconf 82' lang='lat' dir='ltr'><strong>gravissima</strong></span> 
     </span>
     <span class='ocr_line' id='line_1_10' title="bbox 233 950 1344 1008; baseline -0.005 -9"><span class='ocrx_word' id='word_1_42' title='bbox 233 962 393 1008; x_wconf 85' lang='lat' dir='ltr'><strong>essent,</strong></span> <span class='ocrx_word' id='word_1_43' title='bbox 450 961 537 998; x_wconf 90' lang='lat' dir='ltr'><strong>tum</strong></span> <span class='ocrx_word' id='word_1_44' title='bbox 588 951 705 996; x_wconf 87' lang='lat' dir='ltr'><strong>valde</strong></span> <span class='ocrx_word' id='word_1_45' title='bbox 756 951 1004 995; x_wconf 88' lang='lat' dir='ltr'><strong>honorifica.</strong></span> <span class='ocrx_word' id='word_1_46' title='bbox 1080 951 1172 1002; x_wconf 87' lang='lat' dir='ltr'><strong>Ubi</strong></span> <span class='ocrx_word' id='word_1_47' title='bbox 1214 950 1344 994; x_wconf 87' lang='lat' dir='ltr'><strong>nimi-</strong></span> 
     </span>
     <span class='ocr_line' id='line_1_11' title="bbox 230 1022 1347 1089; baseline -0.004 -13"><span class='ocrx_word' id='word_1_48' title='bbox 230 1048 324 1076; x_wconf 88' lang='lat' dir='ltr'><strong>rum</strong></span> <span class='ocrx_word' id='word_1_49' title='bbox 364 1031 418 1075; x_wconf 92' lang='lat' dir='ltr'><strong>ab</strong></span> <span class='ocrx_word' id='word_1_50' title='bbox 469 1029 616 1089; x_wconf 90' lang='lat' dir='ltr'><strong>optimi</strong></span> <span class='ocrx_word' id='word_1_51' title='bbox 657 1028 788 1086; x_wconf 81' lang='lat' dir='ltr'><strong>Regis</strong></span> <span class='ocrx_word' id='word_1_52' title='bbox 831 1028 967 1072; x_wconf 85' lang='lat' dir='ltr'><strong>nostri</strong></span> <span class='ocrx_word' id='word_1_53' title='bbox 1009 1028 1190 1087; x_wconf 87' lang='lat' dir='ltr'><strong>imperio</strong></span> <span class='ocrx_word' id='word_1_54' title='bbox 1247 1022 1347 1072; x_wconf 22' lang='lat' dir='ltr'><strong>tur—s</strong></span> 
     </span>
     <span class='ocr_line' id='line_1_12' title="bbox 230 1105 1342 1169; baseline -0.004 -15"><span class='ocrx_word' id='word_1_55' title='bbox 230 1111 339 1169; x_wconf 88' lang='lat' dir='ltr'><strong>piter</strong></span> <span class='ocrx_word' id='word_1_56' title='bbox 386 1108 621 1152; x_wconf 82' lang='lat' dir='ltr'><strong>defecerant</strong></span> <span class='ocrx_word' id='word_1_57' title='bbox 671 1109 877 1162; x_wconf 81' lang='lat' dir='ltr'><strong>Belgae,</strong></span> <span class='ocrx_word' id='word_1_58' title='bbox 938 1105 1182 1164; x_wconf 85' lang='lat' dir='ltr'><strong>patriaeque</strong></span> <span class='ocrx_word' id='word_1_59' title='bbox 1234 1120 1342 1149; x_wconf 93' lang='lat' dir='ltr'><strong>nos-</strong></span> 
     </span>
     <span class='ocr_line' id='line_1_13' title="bbox 231 1182 1341 1241; baseline -0.006 -9"><span class='ocrx_word' id='word_1_60' title='bbox 231 1195 321 1232; x_wconf 85' lang='lat' dir='ltr'><strong>trae</strong></span> <span class='ocrx_word' id='word_1_61' title='bbox 358 1185 549 1230; x_wconf 86' lang='lat' dir='ltr'><strong>ferociter</strong></span> <span class='ocrx_word' id='word_1_62' title='bbox 588 1183 786 1227; x_wconf 86' lang='lat' dir='ltr'><strong>insultare</strong></span> <span class='ocrx_word' id='word_1_63' title='bbox 825 1183 1072 1241; x_wconf 82' lang='lat' dir='ltr'><strong>inceperant</strong></span> <span class='ocrx_word' id='word_1_64' title='bbox 1116 1196 1166 1226; x_wconf 90' lang='lat' dir='ltr'><strong>ac</strong></span> <span class='ocrx_word' id='word_1_65' title='bbox 1212 1182 1341 1226; x_wconf 89' lang='lat' dir='ltr'><strong>mini-</strong></span> 
     </span>
     <span class='ocr_line' id='line_1_14' title="bbox 231 1260 1340 1322; baseline -0.006 -13"><span class='ocrx_word' id='word_1_66' title='bbox 231 1265 333 1320; x_wconf 81' lang='lat' dir='ltr'><strong>tari3</strong></span> <span class='ocrx_word' id='word_1_67' title='bbox 377 1264 431 1307; x_wconf 92' lang='lat' dir='ltr'><strong>ad</strong></span> <span class='ocrx_word' id='word_1_68' title='bbox 468 1261 626 1322; x_wconf 86' lang='lat' dir='ltr'><strong>patriae</strong></span> <span class='ocrx_word' id='word_1_69' title='bbox 661 1260 764 1304; x_wconf 88' lang='lat' dir='ltr'><strong>fines</strong></span> <span class='ocrx_word' id='word_1_70' title='bbox 800 1260 1084 1304; x_wconf 87' lang='lat' dir='ltr'><strong>defendendos</strong></span> <span class='ocrx_word' id='word_1_71' title='bbox 1113 1274 1230 1302; x_wconf 86' lang='lat' dir='ltr'><strong>arma</strong></span> <span class='ocrx_word' id='word_1_72' title='bbox 1263 1273 1340 1304; x_wconf 79' lang='lat' dir='ltr'><strong>vo-</strong></span> 
     </span>
     <span class='ocr_line' id='line_1_15' title="bbox 229 1336 1337 1398; baseline -0.006 -12"><span class='ocrx_word' id='word_1_73' title='bbox 229 1342 393 1387; x_wconf 88' lang='lat' dir='ltr'><strong>luntarii</strong></span> <span class='ocrx_word' id='word_1_74' title='bbox 437 1354 652 1398; x_wconf 86' lang='lat' dir='ltr'><strong>capessere</strong></span> <span class='ocrx_word' id='word_1_75' title='bbox 703 1338 973 1382; x_wconf 85' lang='lat' dir='ltr'><strong>decreverant</strong></span> <span class='ocrx_word' id='word_1_76' title='bbox 1014 1336 1337 1390; x_wconf 85' lang='lat' dir='ltr'><strong>Studiosorum,</strong></span> 
     </span>
     <span class='ocr_line' id='line_1_16' title="bbox 232 1414 1338 1476; baseline -0.005 -14"><span class='ocrx_word' id='word_1_77' title='bbox 232 1420 303 1476; x_wconf 90' lang='lat' dir='ltr'><strong>qui</strong></span> <span class='ocrx_word' id='word_1_78' title='bbox 343 1419 412 1461; x_wconf 72' lang='lat' dir='ltr'><strong>hic</strong></span> <span class='ocrx_word' id='word_1_79' title='bbox 462 1417 608 1460; x_wconf 87' lang='lat' dir='ltr'><strong>artium</strong></span> <span class='ocrx_word' id='word_1_80' title='bbox 656 1415 884 1474; x_wconf 88' lang='lat' dir='ltr'><strong>disciplinis</strong></span> <span class='ocrx_word' id='word_1_81' title='bbox 928 1429 1102 1473; x_wconf 87' lang='lat' dir='ltr'><strong>operam</strong></span> <span class='ocrx_word' id='word_1_82' title='bbox 1144 1414 1338 1467; x_wconf 89' lang='lat' dir='ltr'><strong>dabant,</strong></span> 
     </span>
     <span class='ocr_line' id='line_1_17' title="bbox 229 1490 1338 1554; baseline -0.005 -15"><span class='ocrx_word' id='word_1_83' title='bbox 229 1497 350 1554; x_wconf 78' lang='lat' dir='ltr'><strong>longe</strong></span> <span class='ocrx_word' id='word_1_84' title='bbox 382 1494 558 1553; x_wconf 84' lang='lat' dir='ltr'><strong>plurimi.</strong></span> <span class='ocrx_word' id='word_1_85' title='bbox 621 1493 705 1551; x_wconf 85' lang='lat' dir='ltr'><strong>Qui</strong></span> <span class='ocrx_word' id='word_1_86' title='bbox 734 1492 883 1551; x_wconf 80' lang='lat' dir='ltr'><strong>igitur,</strong></span> <span class='ocrx_word' id='word_1_87' title='bbox 926 1491 1176 1535; x_wconf 88' lang='lat' dir='ltr'><strong>serenissimi</strong></span> <span class='ocrx_word' id='word_1_88' title='bbox 1208 1490 1338 1550; x_wconf 83' lang='lat' dir='ltr'><strong>Regis</strong></span> 
     </span>
     <span class='ocr_line' id='line_1_18' title="bbox 230 1571 1339 1627; baseline -0.005 -10"><span class='ocrx_word' id='word_1_89' title='bbox 230 1573 420 1625; x_wconf 84' lang='lat' dir='ltr'><strong>decreto,</strong></span> <span class='ocrx_word' id='word_1_90' title='bbox 468 1571 512 1614; x_wconf 87' lang='lat' dir='ltr'><strong>in</strong></span> <span class='ocrx_word' id='word_1_91' title='bbox 558 1573 787 1613; x_wconf 72' lang='lat' dir='ltr'><strong>cohortem</strong></span> <span class='ocrx_word' id='word_1_92' title='bbox 832 1572 1086 1612; x_wconf 78' lang='lat' dir='ltr'><strong>militarem</strong></span> <span class='ocrx_word' id='word_1_93' title='bbox 1130 1584 1339 1627; x_wconf 80' lang='lat' dir='ltr'><strong>aggrega-</strong></span> 
     </span>
     <span class='ocr_line' id='line_1_19' title="bbox 229 1648 1337 1705; baseline -0.003 -12"><span class='ocrx_word' id='word_1_94' title='bbox 229 1650 382 1694; x_wconf 79' lang='lat' dir='ltr'><strong>bantur</strong></span> <span class='ocrx_word' id='word_1_95' title='bbox 394 1681 405 1702; x_wconf 93' lang='lat'><strong>,</strong></span> <span class='ocrx_word' id='word_1_96' title='bbox 428 1664 534 1705; x_wconf 86' lang='lat' dir='ltr'><strong>quae</strong></span> <span class='ocrx_word' id='word_1_97' title='bbox 554 1650 836 1690; x_wconf 80' lang='lat' dir='ltr'><strong>Academiae</strong></span> <span class='ocrx_word' id='word_1_98' title='bbox 854 1648 1337 1703; x_wconf 74' lang='lat' dir='ltr'><strong>Rheno—Trajectinae</strong></span> 
     </span>
     <span class='ocr_line' id='line_1_20' title="bbox 229 1724 1346 1787; baseline -0.004 -16"><span class='ocrx_word' id='word_1_99' title='bbox 229 1735 270 1770; x_wconf 88' lang='lat' dir='ltr'><strong>et</strong></span> <span class='ocrx_word' id='word_1_100' title='bbox 298 1735 384 1771; x_wconf 91' lang='lat' dir='ltr'><strong>erat</strong></span> <span class='ocrx_word' id='word_1_101' title='bbox 412 1734 451 1770; x_wconf 87' lang='lat' dir='ltr'><strong>et</strong></span> <span class='ocrx_word' id='word_1_102' title='bbox 482 1726 712 1769; x_wconf 87' lang='lat' dir='ltr'><strong>dicebatur.</strong></span> <span class='ocrx_word' id='word_1_103' title='bbox 771 1724 867 1768; x_wconf 84' lang='lat' dir='ltr'><strong>Jam</strong></span> <span class='ocrx_word' id='word_1_104' title='bbox 899 1738 993 1768; x_wconf 89' lang='lat' dir='ltr'><strong>cum</strong></span> <span class='ocrx_word' id='word_1_105' title='bbox 1019 1724 1125 1768; x_wconf 86' lang='lat' dir='ltr'><strong>hora</strong></span> <span class='ocrx_word' id='word_1_106' title='bbox 1147 1724 1346 1787; x_wconf 69' lang='lat' dir='ltr'><strong>proxime,</strong></span> 
     </span>
     <span class='ocr_line' id='line_1_21' title="bbox 227 1801 1337 1860; baseline -0.002 -13"><span class='ocrx_word' id='word_1_107' title='bbox 227 1804 423 1855; x_wconf 85' lang='lat' dir='ltr'><strong>instaret,</strong></span> <span class='ocrx_word' id='word_1_108' title='bbox 456 1804 537 1859; x_wconf 70' lang='lat' dir='ltr'><strong>qua</strong></span> <span class='ocrx_word' id='word_1_109' title='bbox 566 1803 740 1846; x_wconf 77' lang='lat' dir='ltr'><strong>sortibus</strong></span> <span class='ocrx_word' id='word_1_110' title='bbox 767 1801 833 1845; x_wconf 88' lang='lat' dir='ltr'><strong>his</strong></span> <span class='ocrx_word' id='word_1_111' title='bbox 862 1801 1090 1845; x_wconf 83' lang='lat' dir='ltr'><strong>Juvenibus</strong></span> <span class='ocrx_word' id='word_1_112' title='bbox 1111 1816 1192 1860; x_wconf 89' lang='lat' dir='ltr'><strong>pro</strong></span> <span class='ocrx_word' id='word_1_113' title='bbox 1225 1808 1337 1845; x_wconf 88' lang='lat' dir='ltr'><strong>tem-</strong></span> 
     </span>
     <span class='ocr_line' id='line_1_22' title="bbox 230 1878 1338 1940; baseline -0.005 -15"><span class='ocrx_word' id='word_1_114' title='bbox 230 1895 335 1940; x_wconf 89' lang='lat' dir='ltr'><strong>pore</strong></span> <span class='ocrx_word' id='word_1_115' title='bbox 369 1880 579 1924; x_wconf 85' lang='lat' dir='ltr'><strong>Musarum</strong></span> <span class='ocrx_word' id='word_1_116' title='bbox 609 1880 733 1927; x_wconf 55' lang='lat' dir='ltr'><strong>sedes,</strong></span> <span class='ocrx_word' id='word_1_117' title='bbox 757 1878 1001 1935; x_wconf 87' lang='lat' dir='ltr'><strong>reliquenda</strong></span> <span class='ocrx_word' id='word_1_118' title='bbox 1036 1885 1143 1921; x_wconf 90' lang='lat' dir='ltr'><strong>esset</strong></span> <span class='ocrx_word' id='word_1_119' title='bbox 1170 1885 1210 1921; x_wconf 90' lang='lat' dir='ltr'><strong>et</strong></span> <span class='ocrx_word' id='word_1_120' title='bbox 1251 1878 1338 1921; x_wconf 91' lang='lat' dir='ltr'><strong>mi-</strong></span> 
     </span>
     <span class='ocr_line' id='line_1_23' title="bbox 229 1954 1338 2016; baseline -0.004 -15"><span class='ocrx_word' id='word_1_121' title='bbox 229 1958 314 2001; x_wconf 83' lang='lat' dir='ltr'><strong>litia</strong></span> <span class='ocrx_word' id='word_1_122' title='bbox 356 1956 556 2016; x_wconf 73' lang='lat' dir='ltr'><strong>petenda,</strong></span> <span class='ocrx_word' id='word_1_123' title='bbox 601 1955 760 2000; x_wconf 89' lang='lat' dir='ltr'><strong>solenni</strong></span> <span class='ocrx_word' id='word_1_124' title='bbox 799 1963 894 1999; x_wconf 86' lang='lat' dir='ltr'><strong>actu</strong></span> <span class='ocrx_word' id='word_1_125' title='bbox 950 1954 1130 1999; x_wconf 83' lang='lat' dir='ltr'><strong>Senatus</strong></span> <span class='ocrx_word' id='word_1_126' title='bbox 1180 1954 1338 1998; x_wconf 88' lang='lat' dir='ltr'><strong>acade-</strong></span> 
     </span>
     <span class='ocr_line' id='line_1_24' title="bbox 231 2032 1336 2091; baseline -0.002 -13"><span class='ocrx_word' id='word_1_127' title='bbox 231 2034 386 2086; x_wconf 84' lang='lat' dir='ltr'><strong>micus,</strong></span> <span class='ocrx_word' id='word_1_128' title='bbox 437 2040 694 2091; x_wconf 85' lang='lat' dir='ltr'><strong>quantopere</strong></span> <span class='ocrx_word' id='word_1_129' title='bbox 742 2032 822 2076; x_wconf 87' lang='lat' dir='ltr'><strong>sibi</strong></span> <span class='ocrx_word' id='word_1_130' title='bbox 863 2033 1045 2091; x_wconf 86' lang='lat' dir='ltr'><strong>placeret</strong></span> <span class='ocrx_word' id='word_1_131' title='bbox 1088 2045 1336 2089; x_wconf 84' lang='lat' dir='ltr'><strong>generosum</strong></span> 
     </span>
     <span class='ocr_line' id='line_1_25' title="bbox 231 2109 1335 2167; baseline -0.002 -13"><span class='ocrx_word' id='word_1_132' title='bbox 231 2111 314 2154; x_wconf 89' lang='lat' dir='ltr'><strong>hoc</strong></span> <span class='ocrx_word' id='word_1_133' title='bbox 356 2124 496 2153; x_wconf 85' lang='lat' dir='ltr'><strong>eorum</strong></span> <span class='ocrx_word' id='word_1_134' title='bbox 541 2110 756 2153; x_wconf 87' lang='lat' dir='ltr'><strong>consilium</strong></span> <span class='ocrx_word' id='word_1_135' title='bbox 801 2117 839 2154; x_wconf 89' lang='lat' dir='ltr'><strong>et</strong></span> <span class='ocrx_word' id='word_1_136' title='bbox 883 2109 1011 2153; x_wconf 92' lang='lat' dir='ltr'><strong>virtus</strong></span> <span class='ocrx_word' id='word_1_137' title='bbox 1043 2110 1335 2167; x_wconf 83' lang='lat' dir='ltr'><strong>magnanima,</strong></span> 
     </span>
     <span class='ocr_line' id='line_1_26' title="bbox 231 2186 1335 2255; baseline -0.001 -25"><span class='ocrx_word' id='word_1_138' title='bbox 231 2186 370 2255; x_wconf 84' lang='lat' dir='ltr'><strong>palam</strong></span> <span class='ocrx_word' id='word_1_139' title='bbox 420 2186 628 2231; x_wconf 83' lang='lat' dir='ltr'><strong>declarare</strong></span> <span class='ocrx_word' id='word_1_140' title='bbox 671 2186 810 2231; x_wconf 87' lang='lat' dir='ltr'><strong>voluit.</strong></span> <span class='ocrx_word' id='word_1_141' title='bbox 885 2186 1072 2242; x_wconf 87' lang='lat' dir='ltr'><strong>Iccirco,</strong></span> <span class='ocrx_word' id='word_1_142' title='bbox 1114 2193 1335 2246; x_wconf 87' lang='lat' dir='ltr'><strong>praesente</strong></span> 
     </span>
    </p>
   </div>
   <div class='ocr_carea' id='block_1_3' title="bbox 1254 2255 1343 2307">
    <p class='ocr_par' dir='ltr' id='par_1_4' title="bbox 1254 2255 1343 2307">
     <span class='ocr_line' id='line_1_27' title="bbox 1254 2255 1343 2307; baseline -0.011 0"><span class='ocrx_word' id='word_1_143' title='bbox 1254 2255 1343 2307; x_wconf 52' lang='lat' dir='ltr'><strong>Se-&#39;</strong></span> 
     </span>
    </p>
   </div>
  </div>
 </body>
</html>
