1487 2850
286 238 352 281 22
654 222 1042 272 ORATIO.

298 405 376 450 per
399 401 520 445 quam
547 385 693 427 forma·
711 379 877 439 imperii
898 378 1172 431 describitur,
1202 378 1402 424 contiuuo

292 466 507 514 avidamus,
556 474 681 516 quam
726 472 868 502 verum
923 471 1010 500 non
1052 455 1134 509 sit,
1193 457 1308 514 quod
1349 457 1405 501 ad

298 555 415 586 suam
470 536 708 596 opinionem
766 541 807 578 et
856 533 1092 577 doctrinam
1136 534 1405 579 stabiliendas

301 618 356 662 ab
382 617 449 660 illa
474 615 628 657 ducunt
659 618 699 655 et
721 618 912 655 asserunt
933 617 1233 669 argumentum.
1248 630 1273 648 w
1296 631 1300 635 -
1328 630 1332 634 ’

360 693 562 736 Fortasse
605 687 750 732 audire
787 703 837 731 ex
870 703 937 731 me
959 703 1056 732 .vos
1095 688 1317 733 avetisaA.
1352 689 1406 733 A.

304 783 432 829 quare
457 766 647 825 equidem
671 765 729 809 ita
758 764 962 809 sentiam?
996 765 1149 809 Geram
1173 764 1294 808 vobis
1314 766 1412 808 mo-

299 861 393 892 rem
424 852 463 889 et
492 858 613 902 agam
644 857 771 900 quam
807 841 1048 887 brevissime
1065 850 1239 901 potero.

296 958 300 965 .
361 924 457 967 Non
486 920 585 964 'solii
608 919 793 972 senatui,
818 926 888 962 aut
916 935 940 962 a
970 919 1118 977 populi
1142 908 1415 964 mandatariis

305 1006 375 1043 aut
400 1014 425 1041 a
451 998 566 1055 Rege
597 1011 647 1041 ex
676 995 953 1040 nobilioribus
982 995 1093 1039 Viris
1121 996 1275 1049 electo,
1305 997 1417 1054 leges

300 1074 512 1122 condendi
527 1075 592 1133 jus
618 1081 701 1128 est,
729 1089 872 1119 verum
897 1073 990 1117 Rex
1006 1087 1173 1130 quoque
1188 1081 1283 1127 eas,
1311 1087 1424 1117 eon-

299 1154 423 1199 ssultis
444 1168 583 1197 rerum
607 1151 752 1211 peritis
765 1183 777 1205 ,
793 1150 963 1203 scribit,
977 1150 1104 1194 refert
1124 1164 1255 1209 porro
1274 1150 1329 1193 ad
1348 1165 1422 1195 se-

304 1237 448 1275 natum
477 1229 550 1286 qui
581 1236 669 1273 tum
696 1243 764 1272 eas
793 1235 864 1272 aut
892 1235 1083 1286 acceptat
1111 1235 1182 1272 aut
1206 1228 1420 1284 antiquat,

314 1314 505 1366 acceptas
533 1306 712 1363 denique
742 1307 834 1349 Rex
871 1305 1114 1359 confirmat,
1154 1305 1423 1350 confirmatas

313 1384 358 1429 in
384 1384 594 1444 publicum
628 1383 886 1443 promulgari
907 1384 1035 1440 jubet.
1095 1383 1173 1426 Est
1199 1397 1298 1427 vero
1331 1382 1425 1427 Rex

319 1462 390 1520 qui
413 1462 576 1520 negotia
597 1461 766 1520 publica
788 1468 873 1504 tam
900 1460 1018 1519 pacis
1042 1475 1168 1517 quam
1192 1459 1291 1504 belli
1315 1468 1429 1504 tem-

317 1553 423 1598 pore
459 1545 576 1583 curat
609 1538 819 1596 jubendo,
849 1538 1043 1582 vetando.
1105 1538 1223 1595 Quae
1261 1538 1430 1594 quidem

321 1616 450 1674 Regis
488 1623 678 1676 potestas
708 1614 874 1673 negotia
909 1615 1077 1673 publica
1109 1614 1310 1669 curandi,
1344 1629 1432 1659 non
1486 1656 1487 1671 ¹

321 1699 412 1737 tota
448 1693 576 1751 Regis
613 1700 698 1746 est,
751 1707 892 1737 verum
936 1692 1051 1749 cujus
1093 1692 1228 1751 partis
1264 1706 1433 1749 quoque
1486 1736 1487 1739 ,

325 1770 535 1830 particeps
561 1771 606 1814 fit
640 1777 820 1814 senatus.
872 1769 1078 1813 Pecuniae
1098 1768 1290 1827 publicae
1313 1784 1434 1813 usum

328 1847 543 1892 constituit
562 1855 727 1892 senatus
742 1879 754 1901 ‚
772 1847 839 1891 cui
864 1847 986 1891 etiam
1004 1844 1227 1903 quotannis
1250 1846 1435 1890 rationes

328 1932 426 1970 sunt
442 1926 690 1970 reddendae.
726 1924 1002 1983 Conscriptos
1016 1923 1185 1975 milites,
1202 1921 1298 1966 licet
1312 1921 1438 1966 hodie
1459 1919 1464 1922 ”

330 2016 473 2047 omnes
498 2003 579 2046 sint
603 2002 890 2062 stipendiarii,
921 2009 1036 2046 extra
1061 2000 1227 2045 Patriae
1251 1999 1354 2043 fines
1369 2006 1439 2043 ta-

330 2094 427 2123 men
442 2079 593 2126 ducere
610 2081 715 2139 Regi
732 2094 818 2123 non
838 2079 934 2123 licet
949 2111 962 2133 ‚
988 2078 1254 2126 dissentiente
1275 2083 1437 2122 senatu.

333 2155 498 2213 Quanta
529 2164 663 2200 autem
690 2157 751 2201 vis
775 2157 829 2201 sit
852 2157 1031 2201 Senatus
1059 2156 1104 2200 in
1136 2155 1263 2213 Regis
1293 2162 1440 2214 potes-

332 2239 460 2277 tatem
481 2233 535 2276 ad
551 2233 720 2277 modum
747 2241 906 2279 certum
927 2233 1285 2292 restringendam,
1310 2246 1443 2276 unus-

335 2309 508 2367 quisque
565 2310 773 2368 cognitum
823 2311 1255 2371 comprehensumque
1302 2309 1443 2353 animo

1360 2386 1444 2430 ha-
