1487 2850
502 197 868 240 ORATIO.
1187 203 1237 239 11

133 364 247 396 ‘novo
274 352 503 405 vocabulo,
548 355 968 396 constitutionalem‘
1001 352 1121 409 vulgo
1161 367 1241 411 ap-

132 428 291 488 pellant
301 445 314 483 3
344 428 396 472 de
429 430 544 485 cujus
566 437 741 481 natura,
770 428 881 472 illam
910 442 1045 485 neque
1063 428 1244 472 laudan-

136 505 192 549 do
222 520 356 563 neque
385 506 684 564 reprobando,
738 504 886 564 paucis
927 504 1092 558 dicere,
1142 504 1243 549 mihi

137 586 202 627 est
231 582 408 628 animus.

190 659 492 716 Argumentum
518 657 619 701 illud
651 657 847 702 tractanti
878 665 922 701 ut
949 657 1091 702 faciles
1115 672 1247 717 prae-

133 735 269 780 beatis
300 750 445 789 aures,
475 735 738 792 incultaeque
768 749 886 779 meae
921 735 1101 779 orationi
1136 749 1246 791 quae

135 820 274 857 vestra
300 819 363 858 est
390 812 656 865 humanitas,
685 811 914 869 ignoscatis
936 814 1123 870 precor,
1153 812 1248 854 Au-

136 886 294 932 ditores
328 887 635 931 humanissimi!
695 887 791 945 Qua
818 887 985 945 quidem
1014 887 1057 930 in
1084 902 1132 931 re
1159 894 1247 931 tum

136 963 344 1007 faciliores
369 964 457 1007 Vos
491 964 654 1007 futuros
689 977 843 1022 spero,
876 962 1072 1016 confido,
1103 962 1138 1006 si
1169 977 1250 1006 vo-

137 1039 302 1083 biscum
325 1039 639 1098 reputaveritis,
669 1039 831 1084 miseris
862 1039 928 1084 his
959 1047 999 1084 et
1026 1040 1249 1094 luctuosis,

136 1122 332 1159 curarum
366 1124 406 1159 et
445 1116 767 1160 sollicitudinum
798 1116 930 1175 plenis
957 1116 1249 1175 temporibus,

137 1191 371 1235 orationem
406 1207 473 1236 me
497 1192 741 1251 scripsisse,
769 1193 913 1237 dolore
949 1193 1126 1237 afflictos
1158 1194 1251 1237 Re-

137 1283 232 1326 gem
272 1269 505 1327 optimum,
551 1269 649 1313 huic
692 1269 800 1313 fidos
847 1270 986 1322 cives,
1030 1270 1253 1315 omnibus-

138 1360 220 1402 que
269 1360 411 1390 caram
459 1347 639 1406 patriam
688 1348 976 1392 benevolentia
1016 1355 1057 1392 et
1107 1362 1251 1392 amore

139 1423 497 1481 complectentem.

191 1574 441 1619 Orationem
473 1583 612 1620 autem
649 1591 719 1621 eas
748 1578 791 1621 in
826 1585 970 1636 partes
998 1577 1250 1638 praecipuas

139 1649 371 1706 distribuo,
401 1659 446 1698 ut
485 1654 669 1712 primum
707 1653 977 1713 investigetur
1002 1655 1139 1712 qualis
1177 1671 1252 1700 sua

137 1735 287 1772 natura
338 1729 392 1773 sit
440 1729 606 1789 imperii
648 1731 813 1785 forma,
857 1731 910 1775 de
952 1747 1034 1788 qua
1075 1731 1251 1786 dicitur,

136 1811 225 1849 tum
253 1820 378 1860 vero,
407 1820 488 1866 pro
514 1807 719 1866 temporis
743 1808 859 1865 quod
886 1809 989 1852 mihi
1006 1810 1251 1863 concessum

139 1890 201 1928 est
238 1885 425 1937 ratione,
462 1884 582 1928 unius
620 1885 837 1929 alteriusve
866 1885 909 1929 in
933 1886 1107 1945 Europa
1136 1885 1254 1930 Civi-

136 1959 259 2014 tatis,
301 1977 410 2018 quae
458 1961 662 2019 ejusmodi
692 1969 925 2021 temperata
959 1962 1126 2022 imperii
1159 1963 1254 2006 for-

136 2052 203 2082 ma
234 2038 386 2092 utitur,
424 2039 561 2096 leges,
607 2039 814 2084 civitatem
856 2047 897 2084 et
924 2039 1147 2098 imperium
1177 2054 1254 2084 or-

137 2115 331 2160 dinantes
357 2130 408 2160 ac
433 2115 746 2168 describentes,
771 2117 826 2160 ad
854 2117 1102 2161 sententiam
1115 2118 1252 2161 'meam

135 2191 427 2237 illustrandam
456 2199 496 2237 et
522 2192 883 2248 confirmandam,
911 2193 1058 2253 paucis
1089 2193 1255 2251 disqui-

138 2283 243 2314 ram.

1201 2347 1249 2391 In
