1487 2850
371 275 887 332 PRAEFATIQ
1167 316 1194 357 ³

66 374 234 425 (fatebor
262 381 383 430 euim)
399 413 410 432 ,
439 387 536 428 haud
563 391 694 432 leviter
717 402 946 443 tractandum
972 407 1063 448 mihi
1083 413 1176 454 tanti

63 446 241 493 ponderis
252 458 365 498 atque
376 457 538 497 nominis
552 473 807 509 argumentum
827 473 998 515 arridere.
1028 479 1181 531 Quippe

67 515 236 556 videbam
254 548 268 567 ,
282 522 425 563 etiamsi
448 527 600 570 fortuna
625 534 726 575 laeva
740 542 824 585 ‚vel
845 545 971 591 potius
995 549 1064 587 etsi
1077 559 1181 592 mens

64 585 183 625 levior
203 588 365 642 fuisset,
393 596 505 645 longe
542 608 662 641 tamen
695 607 853 658 abesse,
882 623 925 651 ut
942 643 956 662 ‚
982 617 1092 658 istius
1115 628 1183 660 su·

63 655 157 694 toris
184 658 326 709 instar,
364 667 486 704 oleum
516 677 552 707 et
578 683 726 719 operam
762 681 1026 727 perdidissem.
1093 691 1180 730 Hu-

60 724 225 773 iusmodi
261 732 352 778 quid
392 736 566 777 acciderit
614 741 773 784 fortasse
813 749 889 798 iis,
928 756 993 802 qui
1029 761 1180 806 proble-

63 804 123 832 ma
145 797 297 845 aliquod
331 804 552 846 solvendum
581 811 654 850 sibi
680 825 896 871 sumerent,
933 826 1072 868 subtile
1096 833 1181 879 qui·

62 862 146 901 dem
169 864 263 906 illud
287 879 322 908 et
345 871 556 916 intricatum
571 908 586 927 ‚
625 884 691 921 sed
717 898 761 926 ex
786 892 955 937 partibus
985 897 1181 952 heteroge-

58 932 139 971 neis
170 938 371 980 conflatum
412 954 450 982 et
485 949 556 986 tale
587 954 740 994 omnino

61 1001 227 1046 doctoris
268 1021 463 1064 exortum,
504 1020 644 1061 etiamsi
682 1027 857 1078 discipuli
893 1035 1083 1086 ingenium
1116 1041 1179 1084 vel

57 1073 214 1112 maxime
253 1089 359 1119 acuat
382 1109 396 1128 ,
443 1087 684 1133 nihilominus
728 1110 749 1136 a
798 1104 915 1143 solito
963 1111 1179 1154 studiorum

56 1151 171 1179 cursu
199 1145 347 1196 longius
381 1156 560 1197 seducens
577 1189 590 1207 ‚
618 1166 756 1205 nullam
780 1181 1003 1224 magnopere
1021 1179 1061 1218 in
1081 1190 1176 1230 pos-

56 1218 178 1249 terum
231 1219 518 1265 applicationem
569 1232 751 1274 admittat.
840 1243 878 1280 A
926 1257 1004 1292 quo
1044 1261 1178 1298 genere

55 1290 236 1327 quantum
254 1286 342 1326 haec
356 1290 491 1333 Vestra
507 1301 677 1344 quaestio
701 1306 844 1347 differat
859 1337 873 1358 ‚
905 1313 986 1353 Vos
1003 1316 1077 1366 ipsi
1093 1328 1175 1360 cer-

53 1357 117 1397 te,
146 1352 232 1392 Viri
257 1357 486 1403 Clarissimi!
516 1369 673 1414 pulchre
700 1375 865 1418 vidistis.

99 1422 190 1472 Quo
217 1428 331 1476 magis
352 1443 475 1472 autem
491 1436 579 1476 haec
607 1442 698 1481 mihi
724 1448 951 1501 arriderent,
982 1467 1027 1494 eo
1054 1458 1171 1510 magis

51 1502 110 1529 me
135 1492 276 1534 intuitu
311 1510 410 1540 certe
434 1506 554 1552 primo
587 1511 766 1555 deterruit
789 1520 910 1568 ipsius
938 1529 1172 1573 quaestionis

46 1562 225 1605 ambitus.
255 1567 430 1610 Putabam
444 1576 541 1616 enirn
557 1607 570 1626 ,
599 1581 812 1627 innumeras
839 1603 921 1632 esse
939 1596 1017 1636 vias

50 1631 188 1673 ducant
209 1638 255 1675 ad
284 1640 557 1689 longitudinem
596 1654 686 1692 mari
726 1658 994 1714 definiendam,

45 1712 129 1740 rum
167 1708 332 1748 omnium
370 1716 656 1762 explicationem
699 1733 815 1775 atque
852 1737 1170 1784 comparationem

41 1771 207 1813 laborem
248 1789 329 1817 esse
360 1783 510 1825 minime
555 1790 685 1832 tironis
725 1797 871 1839 viribus
906 1805 1167 1855 adaequatum.

45 1840 126 1880 Imo
168 1855 258 1884 vero
301 1850 397 1889 nihil
447 1864 519 1895 tam
555 1860 711 1913 inutile,
764 1871 858 1908 nihil
897 1881 968 1914 tam
1011 1879 1164 1921 devium

41 1919 80 1949 et
111 1913 311 1958 absurdum
341 1923 420 1961 esse
453 1926 652 1980 videbam,
697 1938 789 1984 quin
824 1941 928 1982 istud
967 1947 1033 1994 qui
1072 1961 1163 1998 pro-

13 1991 156 2021 -meret
183 1994 220 2024 et
234 1995 508 2035 commendaret
524 2007 560 2037 et
578 2002 820 2047 utilissimum
847 2024 930 2052 esse
955 2016 1160 2069 J'udicaret,

16 2072 19 2082 ι
41 2048 273 2095 inveniretur
299 2071 443 2103 auctor.
473 2066 588 2116 Quod
606 2072 785 2126 quidem,
818 2080 899 2118 Viri
925 2084 1156 2129 Clarissimi!

37 2131 123 2160 cum
153 2126 303 2167 minime
329 2131 414 2171 Vos
452 2147 554 2176 certe
590 2141 725 2193 lateat,
766 2150 939 2196 profecto
967 2155 1161 2206 haudqua-

10 2203 149 2239 rsquam
169 2195 213 2234 id
234 2209 253 2235 a
279 2211 339 2239 me
359 2202 528 2250 p'ostulat
551 2210 760 2255 humanitas
788 2219 922 2260 Vestra
936 2251 949 2271 ,
977 2234 1020 2263 ut
1043 2240 1159 2267 cunc-

3 2267 92 2300 ·.·tas
122 2264 228 2304 viles
280 2270 345 2309 has
384 2276 611 2329 methodos,
639 2278 909 2338 'undequaque
952 2297 1158 2347 collectas,

33 2331 172 2380 (latent
207 2338 303 2378 enim
334 2341 438 2394 fere,
492 2348 530 2386 id
574 2356 683 2398 quod*
712 2363 772 2396 est
802 2363 997 2412 proprium
1042 2368 1154 2408 rebus

2 2410 7 2414 ·
66 2407 70 2426 ²
546 2421 581 2457 A
611 2435 634 2461 ει
1070 2434 1153 2477 nul·
