1487 2850
274 228 321 270 88
506 228 1175 270 COMMENTATIO

278 337 433 377 toritate
458 347 514 374 res
545 337 668 385 gessit.
736 338 826 376 Erat
863 347 942 375 tum
977 338 1206 386 praefectura
1238 338 1392 378 secunda

284 420 309 446 a
335 406 566 456 principatu,
602 408 700 456 02pr
733 408 878 455 δευτέρα
909 410 1007 456 μετὰ
1035 412 1085 448 τοὶ
1122 414 1286 458 σκῆπτρα
1311 409 1397 457 (1).

288 475 434 513 Primus
470 474 710 522 Praefectus,
764 475 831 523 qui
869 477 935 514 hac
976 478 1150 524 gauderet
1189 485 1400 525 potestate,

291 544 355 583 sed
384 544 596 583 abuteretur
621 545 752 592 simul,
781 544 852 582 fuit
879 545 1092 583 Plautianus
1127 546 1193 585 sub
1219 545 1400 595 Septimio

290 613 446 653 Severo.
499 613 680 663 Apprime
707 622 806 651 recte
829 613 922 652 dixit
941 615 1232 654 Gibbonus:
1264 645 1289 664 „
1313 615 1406 654 Inde

282 709 318 733 ,‚,
342 683 387 721 ab
415 683 570 731 imperio
596 683 725 722 Severi
748 695 871 732 usque
895 685 940 723 ad
971 696 1124 734 regnum
1148 685 1401 733 Diocletiani,

291 779 318 802 „
342 752 514 791 satellites
538 761 575 791 et
608 754 716 801 aula,
756 755 855 803 leges
891 762 928 792 et
958 755 1149 804 vectigalia
1167 783 1180 803 ,
1217 755 1402 794 exercitus

291 849 317 871 ,,
342 831 379 861 et
401 822 615 871 provinciae
632 850 646 870 ‚
684 824 881 862 commissa
905 833 1017 862 erant.
1033 825 1210 873 peculiari
1239 823 1404 863 Praefec-

289 918 317 941 ,‚
342 899 466 929 torum
490 891 678 929 Praetorio
703 903 837 940 curae;
866 902 902 930 et
928 890 1163 953 §sicariorum
1186 894 1223 930 in
1249 893 1403 932 Oriente

291 988 318 1010 ‚,
344 960 452 998 instar
475 961 585 999 altera
614 971 725 1000 manu
749 962 923 1000 tenebant
944 962 1127 1010 sigillum,
1155 964 1266 1001 altera
1286 963 1405 1001 vexil-

288 1057 316 1080 ‚,
343 1031 420 1067 lum
445 1029 589 1078 imperii
616 1029 640 1047 ²’
667 1031 751 1080 (α).

337 1098 448 1148 Quae
473 1099 651 1138 hactenus
686 1100 983 1149 disputavimus,
1016 1100 1193 1140 sufficiant
1228 1101 1273 1138 ad
1308 1100 1404 1150 diju-

287 1168 477 1208 dicandam
508 1169 610 1217 vim,
638 1180 750 1217 quam
780 1170 818 1208 in
844 1171 1089 1218 Imperatores
1117 1179 1153 1208 et
1182 1178 1302 1207 totum
1336 1170 1406 1207 im-

289 1239 434 1289 perium
462 1239 673 1278 Romanum
701 1239 898 1278 habuerint
916 1268 929 1286 ‚
978 1251 1062 1277 cum
1093 1239 1228 1277 milites
1255 1239 1405 1277 Praeto-

286 1309 405 1357 riam,
457 1317 538 1348 tum
583 1319 711 1347 eorum
750 1308 946 1348 Praefecti.
1011 1310 1186 1347 Attamen
1238 1308 1402 1346 nondum

290 1378 378 1417 finis
408 1379 495 1417 huic
525 1378 831 1416 commentationi
860 1387 916 1415 est
940 1378 1210 1425 imponendus:
1240 1387 1283 1415 ut
1304 1378 1401 1415 enim

288 1447 450 1487 militum
481 1448 799 1487 Praetorianorum
836 1448 1091 1485 auctoritatem
1113 1449 1404 1496 pernoscamus,

289 1518 540 1565 quaerendum
591 1517 740 1555 videtur
787 1518 833 1555 de
875 1516 1113 1563 discrimine,
1168 1517 1269 1563 quod
1308 1517 1406 1556 inter

286 1589 484 1638 imperium
499 1587 667 1625 militare
688 1595 725 1625 et
740 1588 902 1625 militum
918 1589 1113 1638 imperium
1129 1584 1373 1624 intercesserit
1385 1614 1399 1634 ,

289 1666 326 1696 et
352 1657 540 1706 quomodo
568 1658 666 1705 apud
697 1656 890 1694 Romanos
925 1655 1023 1693 illud
1048 1655 1084 1692 in
1114 1655 1177 1692 hoc
1202 1654 1348 1694 abierit.

325 1817 378 1856 (ι)
401 1817 608 1852 Zosimus,
630 1819 653 1845 1.
676 1816 716 1844 11.
741 1812 826 1844 Hise.
851 1824 879 1844 c.
905 1826 954 1850 32.

319 1876 374 1912 (α)
391 1876 546 1903 Postrema
564 1876 637 1902 haec
656 1874 749 1902 verba
765 1874 804 1901 fic
821 1873 996 1902 enunciavit
1025 1876 1050 1902 G
1062 1874 1069 1902 i
1081 1874 1154 1903 bbo
1166 1883 1182 1904 n
1195 1885 1213 1904 u
1225 1885 1258 1906 s:
1282 1896 1306 1913 ‚,
1326 1881 1403 1916 and,

275 1931 381 1973 „like
406 1933 456 1960 the
485 1932 582 1960 Vizirs
616 1931 654 1959 of
685 1932 737 1959 the
765 1932 854 1966 East,
886 1932 955 1963 [hev
984 1933 1054 1959 held
1076 1932 1149 1960 with
1171 1940 1230 1961 one
1249 1935 1325 1964 hand
1343 1937 1397 1966 the

284 2010 308 2026 „
329 1989 408 2023 seal‚
437 1989 493 2018 and
523 1988 597 2016 with
623 1988 672 2016 the
691 1988 779 2015 other
795 1988 845 2015 the
871 1987 1003 2017 standard
1024 1988 1061 2016 of
1084 1989 1135 2024 tlte
1163 1989 1320 2028 <troph-effi
1340 1995 1400 2031 op,

283 2046 336 2078 cit.
358 2048 425 2077 Vol.
449 2048 472 2076 1.
493 2047 568 2083 Cap.
592 2053 636 2080 17.
658 2050 724 2082 pag.
748 2047 815 2080 363.

1232 2360 1271 2411 g.
1295 2357 1399 2400 vlu.
