1487 2850
446 164 831 213 ORATIO.
1141 164 1195 209 ¹5

88 328 280 372 tollerent
309 340 418 384 quae
447 323 618 383 singulis
636 323 716 368 illis
739 320 906 382 imperii
930 319 1075 366 formis
1095 333 1199 380 prae

90 404 238 449 ceteris
267 401 441 462 propria
471 401 689 445 habentur.

147 481 232 540 Qui
253 480 362 525 enim
375 477 730 537 uninsimperium
743 475 914 519 laudare
933 474 1051 527 velit,
1069 487 1201 532 prae-

90 560 245 603 claram
290 558 400 615 legat
449 554 774 614 disputationem
817 553 1048 597 Procerum
1093 551 1202 593 Per-

89 649 229 680 sarum
272 649 399 692 quam
441 632 669 676 ni‘emoriae
703 629 826 674 nobis
866 626 1055 688 prodidit
1100 625 1203 670 He-

87 711 355 765 rodotus3
386 709 459 754 ubi
485 710 646 753 futurus
679 708 771 752 Rex
799 706 953 751 Darius
981 704 1203 763 imperium

88 788 210 832 unius
238 786 418 831 hominis
449 794 649 842 tanquam
678 784 882 844 optimum
907 789 1052 840 urget,
1083 781 1205 826 refu-

90 870 235 920 tatqne
261 876 369 920 quae
400 861 454 907 ad
496 862 695 906 tuendum
732 860 910 919 plurium
944 866 1016 903 aut
1045 873 1202 918 pauco-

91 954 187 984 rum
235 939 457 999 imperium
505 938 695 983 dixerant
741 938 902 982 Otanes
960 943 1001 981 et
1054 936 1207 994 Mega-

92 1016 232 1074 bysus.
293 1032 319 1060 <c
339 1015 402 1059 De
439 1015 547 1060 Titis
583 1029 714 1074 porro
750 1014 887 1068 dicat,
927 1013 1123 1071 Trajanis
1164 1020 1207 1058 et

91 1091 336 1145 Antoninis,
372 1100 418 1136 ut
450 1092 727 1138 felicissimum
767 1091 846 1136 sub
884 1091 1082 1150 Principe
1119 1103 1208 1149 po·-

90 1167 233 1226 pulum
261 1182 352 1213 esse
386 1182 510 1227 posse
542 1168 711 1227 probet.
753 1167 891 1212 Aliam
913 1174 1052 1212 sumat
1084 1180 1208 1211 com-

91 1243 399 1289 mendationem
432 1245 486 1289 ab
515 1244 662 1288 ordine
699 1245 932 1298 concinno,
969 1259 1078 1302 quo,
1100 1251 1207 1289 teste

95 1322 140 1365 in
177 1320 324 1380 primis
351 1321 485 1365 vicina
520 1321 642 1366 nobis
679 1321 877 1366 Borussia
900 1353 913 1375 ,
945 1336 1015 1366 res
1047 1335 1208 1380 geran-

94 1404 160 1441 tur
177 1429 191 1450 ‚
221 1397 457 1457 diligentia,
481 1399 620 1443 studio
645 1406 770 1457 atque
798 1399 1050 1454 concordia3
1079 1414 1105 1443 a
1135 1399 1207 1443 fa·-

67 1472 161 1516 -cili
191 1474 370 1532 denique
400 1476 606 1534 celerique
641 1476 771 1521 modo
811 1490 896 1534 quo
926 1476 1091 1535 negotia
1121 1491 1209 1536 pu-

93 1550 201 1595 blica
234 1552 523 1612 expediantur.

153 1627 259 1671 Hinc
283 1628 574 1674 concludendo
601 1629 796 1688 colligat,
832 1629 1074 1686 hujusmodi
1103 1629 1208 1675 civi-

94 1709 220 1747 tatem
246 1705 361 1748 domi
391 1719 478 1749 non
507 1714 668 1750 tantum
703 1707 970 1764 tranquillam
994 1722 1107 1762 esse,
1131 1721 1208 1752 ve·-

92 1792 186 1824 rum
206 1787 246 1824 et
266 1780 347 1839 ipsi
373 1796 522 1840 parum
554 1784 609 1828 ab
641 1784 763 1829 hoste
777 1785 1069 1841 metuendnm3
1101 1799 1208 1842 quae

92 1855 218 1913 igitur
253 1857 420 1917 imperii
461 1861 596 1905 forma
632 1862 757 1920 longe
800 1862 1084 1921 praestantior
1125 1862 1209 1906 ha-

94 1933 232 1978 benda
261 1943 323 1979 est
352 1935 401 1980 iis
428 1936 594 1996 imperii
625 1938 798 1991 formis,
836 1939 908 1982 uhi
932 1940 991 1983 vel
1022 1939 1209 1998 optima·-

93 2010 194 2054 tium
230 2012 366 2056 studia
405 2015 467 2058 vel
507 2014 643 2073 plebis
682 2015 824 2060 levitas
854 2023 896 2060 et
925 2015 1206 2060 inconstantia

93 2101 258 2133 omnem
292 2089 456 2149 imperii
486 2091 566 2136 vim
595 2093 804 2149 frangunt.

150 2166 304 2209 Verum
336 2167 392 2210 ab
423 2168 553 2212 altera
584 2176 704 2227 parte
735 2170 881 2214 eadem
907 2169 1073 2229 imperii
1114 2170 1208 2214 for-

92 2256 160 2285 nia
181 2249 263 2286 tum
281 2243 462 2302 pessima
489 2253 551 2290 est
578 2246 778 2300 dicenda,
805 2262 931 2304 quum
961 2262 1046 2292 non
1071 2248 1207 2303 bonus

1156 2324 1210 2368 sit
