1487 2850
286 216 339 254 10
639 212 1005 256 ORATIO.

280 375 402 423 atque
429 375 600 419 natura,
644 367 704 411 vis
740 365 863 408 fuerit
896 364 941 407 in
973 364 1156 409 civitates
1194 365 1274 409 alia
1309 372 1378 410 at-

279 458 358 498 que
384 442 461 485 alia
489 442 649 487 ratione
691 440 971 494 ordinandas,
1007 455 1115 498 quae
1143 441 1203 486 vis
1236 442 1378 486 homi-

276 533 375 563 num
398 520 452 563 de
477 519 654 578 publicis
677 518 803 561 rebus
829 517 1070 576 opinionum
1091 518 1135 561 in
1153 519 1376 563 mutandas

274 596 437 655 imperii
486 597 665 648 formas,
708 593 793 638 hoc
838 602 950 638 certe
993 594 1195 639 memoria
1229 602 1376 639 nostra

278 675 383 717 adeo
413 673 578 731 quidem
608 679 820 724 tenemus,
852 678 896 715 ut
922 671 974 715 de
994 671 1063 715 illa
1085 671 1125 715 vi
1147 671 1284 717 dicere
1305 671 1377 716 in·-

273 752 370 794 utile
397 749 499 793 mihi
527 748 713 792 videatur
745 755 786 791 et
815 763 1184 806 supervacaneum.

332 826 408 871 His
435 833 569 869 autem
600 824 792 868 omnibus
817 823 990 882 aliisque
1022 825 1157 870 causis
1184 825 1378 870 tribuen-

276 905 372 947 dum
404 903 587 954 videtur,
616 900 731 957 quod
762 901 900 946 multis
926 903 1093 961 populis
1126 918 1173 947 ea
1199 902 1379 947 maxime

273 983 433 1040 placeat
471 980 514 1022 in
552 977 716 1022 civitate
755 978 942 1035 regunda
981 979 1116 1022 forma
1162 985 1201 1023 et
1237 978 1377 1032 ratio,

275 1072 397 1114 quam
439 1057 521 1113 jam
563 1069 638 1098 suo
683 1062 873 1113 tempore
915 1055 1097 1099 laudavit
1154 1055 1376 1100 Cicero:

273 1151 297 1176 ((
329 1132 497 1184 Statuo‚
539 1132 695 1188 inquit,
751 1131 909 1189 optime
948 1132 1215 1175 constitutam
1263 1147 1379 1176 rem-

275 1209 482 1267 pubiicam
513 1222 618 1265 quae
657 1221 706 1252 ex
748 1207 884 1251 trihus
920 1207 1141 1265 generibus
1173 1208 1276 1259 illis,
1307 1223 1379 1252 re-

274 1287 339 1342 gia
384 1284 627 1343 optimatum
670 1291 712 1328 et
749 1284 944 1344 populari
989 1287 1162 1328 confusa
1188 1284 1379 1338 modice,

273 1376 350 1405 nec
378 1361 584 1420 puniendo
611 1361 744 1406 irritet
773 1362 954 1405 animum
978 1361 1203 1406 immanem
1234 1375 1284 1405 ae
1315 1363 1381 1406 fe-

274 1456 392 1492 rum,
442 1453 539 1493 nec,
580 1437 719 1482 omnia
761 1438 1178 1497 praetermittendQ,
1214 1438 1379 1482 licentia

274 1518 381 1560 cives
413 1515 636 1560 deteriores
666 1515 866 1560 reddat.'’

330 1593 476 1637 Talem
502 1594 613 1646 fere,
646 1591 809 1649 qualem
843 1592 987 1650 paucis
1018 1591 1157 1636 verbis
1190 1590 1383 1648 descrip-

275 1670 427 1723 simus,
465 1668 621 1729 publici
647 1668 860 1727 regiminis
889 1669 1095 1723 sormam,
1124 1667 1248 1712 talem
1274 1682 1384 1723 qua-

274 1748 352 1790 lem
391 1746 564 1791 diximus
601 1745 776 1792 civitatis
816 1744 1139 1804 descriptionem
1173 1758 1200 1788 a
1231 1742 1385 1802 pleris-

278 1837 383 1879 que,
415 1837 521 1879 quae
551 1823 724 1867 caeteris
751 1822 899 1867 formis
929 1822 1104 1881 propria
1126 1827 1247 1873 sunt,
1275 1819 1384 1863 vitiis

277 1906 494 1957 purgatam
505 1930 516 1952 ,
542 1900 753 1958 praesenti
770 1900 1023 1958 populorum
1041 1898 1262 1944 cultiorum
1277 1910 1386 1940 con-

279 1974 426 2017 ditioni
459 1989 684 2033 congruam
718 1990 808 2021 esse
843 1984 884 2020 et
910 1976 1001 2033 jure
1039 1981 1296 2034 temperatae
1333 1974 1389 2016 li·-

278 2050 429 2094 bertati
452 2051 610 2106 favere,
645 2054 918 2112 plurimorum
934 2053 1060 2096 hodie
1078 2059 1140 2096 est
1157 2050 1359 2096 sententia
1373 2082 1386 2102 ,

280 2141 451 2183 eamque
487 2143 535 2172 ex
572 2128 728 2188 scripta
756 2130 1000 2189 praesertim
1038 2131 1126 2187 lege
1150 2128 1383 2187 profectam

283 2210 322 2245 ct
358 2203 497 2246 omnia
531 2205 584 2248 ad
619 2207 789 2250 salutem
815 2206 983 2265 populi,
1014 2206 1131 2263 cujus
1163 2213 1212 2249 et,
1239 2206 1281 2249 in
1315 2219 1388 2248 re-

284 2278 419 2335 gunda
447 2280 610 2325 civitate
640 2290 779 2340 partes
805 2291 928 2337 sunt,
959 2266 1230 2336 refeissentem‚
1253 2280 1388 2324 hodie

1304 2370 1388 2400 no-
