1487 2850
306 213 968 261 nsTR0N0M1cm
1152 212 1204 260 Q

611 326 673 364 sin
683 324 871 374 (ς-ἐε)

105 439 112 451 .›
688 407 756 435 cos
771 409 788 436 s

148 471 202 511 Et
227 469 317 508 haec
343 468 505 507 formula
532 478 598 516 per
634 466 776 515 primos
800 474 900 506 certe
928 466 1053 506 decem
1078 466 1213 517 gradus

98 541 304 581 adhibenda
330 547 412 586 est3
464 537 531 575 sed
558 536 623 574 ubi
645 550 661 575 s
685 544 903 584 crescente,
930 539 954 587 ἑ
975 549 995 575 c
1019 537 1212 577 imminuta

99 611 241 659 fuerit,
279 621 356 658 quo
388 616 573 657 praeterea
604 605 670 654 fit,
708 614 752 643 ut
785 606 890 646 sinus
918 607 1017 646 haud
1047 607 1098 647 ita
1128 618 1213 658 rap·

101 682 168 723 tim
195 687 421 729 augescant,
447 685 529 715 tuto
557 676 648 725 poni
675 684 824 725 potest:

331 378 350 404 c
374 363 596 414 =cotgp'.
884 372 948 399 0c.

105 888 170 926 ubi
193 900 212 926 e
238 895 295 926 est
321 897 424 924 error
448 885 486 924 in
517 885 641 923 tabula
662 885 682 924 I
702 884 926 924 commissus
944 912 958 932 ‚
985 892 1022 922 et
1048 883 1087 921 in
1110 883 1221 923 tabu·

106 959 177 995 lam
203 958 239 996 II
262 955 503 1003 referendus,
519 955 549 994 si
578 968 593 994 s
608 956 748 1003 solem,
775 963 813 994 et
830 967 850 993 c
872 955 1141 993 correctionem
1167 955 1221 993 al-

104 1026 276 1066 titudinis
317 1027 410 1065 solis
460 1024 1015 1075 (refractionem-parallaxi)
1053 1024 1221 1072 indicat3

104 1097 143 1135 in
164 1096 218 1136 111
241 1105 392 1144 autem,
419 1096 451 1134 si
480 1110 496 1135 s
521 1096 664 1134 stellam
681 1123 694 1143 ,
723 1103 760 1134 et
779 1107 799 1133 c
825 1094 1085 1133 refractionem
1110 1094 1222 1134 unice

105 1165 305 1214 significat.
371 1165 602 1215 HuJ'usmodi
632 1165 786 1213 tabula,
814 1176 911 1214 quae
941 1151 1073 1215 posset
1107 1166 1219 1204 etiam

107 1246 127 1273 e
163 1235 287 1274 tabula
320 1234 751 1274 Burckhardtiana
777 1235 958 1274 indirecte
983 1235 1221 1285 computari,

107 1305 303 1343 utilissima
335 1303 428 1342 mihi
457 1315 540 1343 esse
568 1304 742 1352 videtur,
769 1305 968 1354 praecipue
998 1314 1224 1355 propterea,

106 1376 209 1423 quod
237 1374 586 1422 praestantissimam
613 1375 830 1414 methodum
858 1375 945 1414 usui
971 1376 1086 1425 magis
1108 1376 1220 1414 etiarn

107 1445 424 1483 accommodando
451 1444 622 1484 servirets
675 1444 750 1483 Sed
774 1444 1024 1483 exactitudine
1044 1456 1112 1484 sua
1137 1456 1222 1484 sese

107 1515 341 1553 commendet
369 1522 541 1563 oportetz
585 1525 659 1562 qua
693 1525 939 1562 quaecunque
972 1522 1071 1553 caret
1096 1515 1223 1554 tabula

105 1586 249 1624 calculo
273 1585 359 1633 plus
384 1592 522 1631 nocet,
550 1595 661 1631 quam
685 1584 857 1632 prodest.

161 1665 199 1704 5.
227 1655 375 1694 Ultimo
401 1656 487 1693 loco
507 1654 704 1692 dicendum
727 1662 785 1692 est
811 1654 856 1692 de
882 1653 1113 1702 logarithmis
1136 1665 1224 1703 pro-

110 1725 413 1775 portionalibus,
453 1735 577 1772 quos,
610 1734 689 1771 quo
716 1722 861 1762 facilior
893 1732 1008 1773 atque
1039 1724 1223 1772 promtior

108 1796 221 1845 hujus
257 1793 424 1833 methodi
449 1805 540 1832 usus
571 1802 698 1842 esset,
724 1792 868 1842 primus
902 1794 1068 1832 omnium
1094 1795 1224 1832 claris-

107 1867 226 1905 simus
267 1864 644 1914 Maskelynius
685 1863 886 1913 supputari
917 1864 1077 1922 curavit.
1128 1864 1227 1904 Uni·

108 1948 215 1975 verse
243 1936 285 1974 hi
312 1935 524 1986 logarithmi
554 1936 726 1983 aequales
753 1942 843 1972 sunt
868 1933 1097 1973 differentiae
1118 1936 1224 1984 loga-

108 2007 288 2045 rithmum
315 2005 524 2044 constantis
557 2005 715 2054 aliqu'us
746 2002 891 2042 numeri
925 2003 1021 2041 inter
1053 2011 1091 2042 et
1122 2004 1226 2054 loga·

111 2075 271 2115 rithmos
293 2075 400 2113 seriei
413 2085 654 2113 numerorum
676 2084 1015 2122 quorumcumque.
1066 2074 1226 2123 Itaque,

109 2146 178 2195 qui
211 2146 251 2184 in
276 2154 410 2183 nostro
433 2156 523 2183 casu
548 2143 801 2192 adhibentur,
838 2151 1070 2183 constantem
1095 2155 1226 2184 nume-

110 2226 192 2254 rum
225 2214 361 2253 habent
384 2215 453 2264 31¹,
477 2214 558 2254 sive
587 2216 749 2264 10800⁸‚
778 2221 815 2253 et
843 2213 1053 2254 inserviunt
1075 2216 1226 2256 solven-

109 2284 179 2346 dae
212 2283 475 2335 proportioni:

1153 2366 1218 2417 ψ
