1487 2850
301 219 960 264 ASTRONOMICA.
1106 235 1177 273 ¹4¹

85 326 239 371 Invenio
258 324 539 379 longitudinem.
579 330 740 381 Egregie
766 331 880 371 vero!
908 330 980 369 Sed
1001 340 1078 380 quo
1097 329 1188 370 fun-

87 399 255 437 damento
280 400 366 437 haec
393 399 515 438 tabula
536 400 698 438 nititur?
727 399 936 438 Secundum
962 400 1066 448 qued
1083 400 1188 448 prin-

86 467 224 516 cipium
268 477 481 507 constructo.
523 469 610 507 est?
664 470 811 508 Scilicet
842 477 952 507 nauta
991 470 1031 508 in
1065 470 1186 510 medio

85 537 201 584 mari,
228 538 427 585 positionis
450 550 535 576 suae
560 539 677 586 probe
691 550 849 587 gnarus,
884 538 1097 577 observavit
1124 540 1191 579 de-

83 606 317 644 clinationem
350 619 463 654 acus,
497 616 610 655 atque
630 609 745 655 igitur
778 609 871 646 hanc
905 609 1189 649 declinationem

84 674 149 728 isti
182 685 322 725 puncto
347 676 449 726 globi
475 677 695 725 adsignavit.
748 678 906 716 Pulchre
932 678 1086 716 iterum!
1115 678 1190 716 Sed

87 745 152 793 qui
187 746 329 784 tandem
372 746 430 784 hic
466 755 576 784 nauta
618 747 868 796 positionem,
920 748 1192 797 longitudinem

83 825 238 863 nempe,
266 826 367 852 suam
400 817 519 864 probe
557 818 608 854 ita
638 817 850 866 cognovit?
883 818 924 856 Si
959 820 1191 869 respondes,

86 910 112 933 „
137 896 182 923 ex
213 885 459 924 anterioribus
497 887 762 936 ejusdemmodi
791 887 1116 927 observationibus
1151 889 1193 927 in

87 981 113 1004 „
138 954 280 994 tabulas
314 956 505 1004 relatis,”
544 959 757 996 adscendam
790 959 836 995 ad
865 957 1024 1007 primum
1059 958 1194 1008 hujus·-

85 1025 188 1065 modi
213 1026 419 1065 tabularum
448 1036 650 1066 auctorem.
680 1027 722 1065 Si
745 1027 836 1065 dicis
867 1039 924 1075 „e
941 1027 1094 1075 reliquis
1116 1039 1193 1065 rne-

91 1123 116 1143 „
140 1095 265 1134 thodis
279 1095 548 1143 probatissimis
566 1124 578 1142 ‚
593 1096 769 1134 methodo
793 1096 1108 1142 chronometrica,
1123 1094 1194 1133 ob-

90 1192 115 1212 „
141 1165 412 1203 servationibus
437 1165 628 1203 lunaribus
645 1194 658 1212 ,
687 1165 789 1211 aliis,
819 1165 969 1213 optimis
984 1165 1150 1213 scilicet3
1166 1164 1194 1182 '⁹

87 1233 219 1282 atqui,
258 1245 280 1270 o
309 1233 430 1271 bone!
467 1234 498 1271 si
528 1234 592 1272 has
620 1235 817 1272 methodos
845 1235 935 1272 satis
965 1243 1106 1272 exactas
1136 1246 1196 1273 es-

86 1314 129 1341 se
151 1302 318 1353 iudicas,
349 1311 392 1341 ut
415 1302 624 1341 istiusmodi
649 1304 792 1341 tabulas
818 1314 1036 1352 construaS‚
1063 1304 1196 1352 quidni

87 1373 194 1411 etiam
230 1372 418 1420 hodieque
454 1373 623 1420 quotidie
661 1373 792 1412 iisdem
837 1374 1022 1412 methodis
1066 1374 1193 1413 statim

87 1452 125 1482 et
168 1444 302 1482 directa
337 1443 395 1482 via
430 1443 699 1492 longitudInem
741 1443 1050 1492 explorabimus?
1100 1444 1195 1482 Non

87 1516 183 1553 enim
223 1513 437 1562 perierunt:
491 1514 555 1551 sed
589 1526 610 1551 a
640 1513 842 1562 maJ'oribus
888 1525 946 1551 eas
981 1513 1192 1562 accepimus

89 1585 272 1624 auctiores
299 1584 642 1632 emendatioresque
662 1583 873 1629 posteritati
898 1583 1105 1623 tradendas.

277 1710 594 1752 SECTIO
645 1710 989 1751 TERTIA.

90 1851 271 1882 EXAMEN
295 1851 444 1890 ATQUE
473 1850 753 1879 COMPARATIO
783 1851 983 1879 METHODI
1015 1850 1195 1879 DISTAN-

160 1923 333 1952 TIARUM
360 1922 591 1950 LUNARIUM
616 1922 670 1949 AC
698 1921 1117 1950 CHRONOMETRICAE.

583 2034 608 2083 S
661 2044 696 2072 1.

360 2153 422 2192 Dc
445 2151 607 2192 methodo
630 2151 917 2194 distantiarum.

142 2275 286 2316 Primus
313 2275 476 2315 omnium
502 2276 596 2315 hanc
629 2274 844 2314 methodum
870 2273 1116 2324 proposuisse
1138 2275 1195 2312 vi-

1131 2344 1193 2382 de-
