1487 2850
254 187 308 229 16
613 177 994 227 ORATIO.

252 343 304 386 sit
332 340 407 385 sed
436 339 567 381 malus
609 335 680 392 qui
720 333 874 378 civitati
914 333 1091 392 imperet
1121 334 1350 393 Princeps,

250 418 431 462 luxuriae
475 429 518 458 se
570 414 827 468 inmergens,
878 410 1088 469 publicam
1130 411 1351 469 pecuniam

248 509 362 539 suam
391 506 478 536 esse
511 497 689 550 putans,
715 487 911 545 superbia
936 495 1182 547 corruptus,
1221 495 1268 531 ut
1298 487 1351 532 de

248 571 336 615 aliis
356 578 562 613 taceamus
578 565 698 617 vitiis,
720 564 816 607 huic
833 565 990 607 formae
1011 565 1217 623 propriis,
1237 580 1352 622 quo-

247 662 339 691 rum
369 646 451 688 hoc
497 642 794 702 praecipuum,
837 641 951 697 quod
995 655 1088 684 cum
1127 641 1353 700 imperium

246 738 374 783 penes
405 735 530 764 unum
559 719 638 771 sit,
666 717 737 774 qui
763 717 902 760 onmia
933 724 1075 775 gerat,
1112 732 1238 775 saepe
1261 717 1352 761 fieri

248 801 420 852 debeat,
449 804 494 840 ut
515 795 744 853 Princeps,
771 794 958 851 quamvis
986 795 1144 853 optime
1157 794 1253 840 velit
1266 808 1352 854 po-

245 878 370 937 pulo,
411 872 598 931 quamvis
638 871 904 915 consiliorum
938 870 1161 929 prudentia
1198 878 1238 914 et
1278 886 1355 915 sa.

244 952 399 1012 pientia
429 949 540 993 haud
582 948 850 1000 destituatur,
888 947 1034 1006 populi
1070 955 1209 991 tamen
1241 947 1353 992 infe-

244 1029 437 1072 licitatem
484 1033 712 1085 properet,
759 1024 832 1068 ubi
875 1024 961 1082 ejus
1005 1024 1226 1069 commoda
1261 1038 1352 1069 sese

244 1105 349 1150 tueri
378 1103 593 1149 existimat.

301 1182 407 1227 Hinc
457 1180 618 1239 magnis
662 1180 853 1224 laudibus
898 1194 923 1223 a
961 1179 1100 1222 multis
1143 1178 1350 1222 extollitur

248 1259 519 1319 Reipublicae
546 1256 872 1310 administratio,
900 1271 1006 1312 quae
1019 1256 1067 1299 fit
1087 1255 1141 1299 ab
1165 1255 1354 1314 optima-⁴

247 1338 382 1390 tibus,
423 1337 494 1394 qui
527 1335 747 1392 conjuncta
781 1333 960 1392 plurium
996 1331 1219 1392 prudentia
1257 1331 1352 1390 plus

247 1415 381 1459 valent
407 1414 573 1472 ingenio
601 1412 722 1455 unius
748 1410 942 1455 hominis.
1005 1411 1073 1453 Ab
1097 1409 1176 1453 illis
1203 1408 1352 1452 merito

248 1498 463 1550 speratur,
516 1490 607 1533 fore
660 1495 705 1531 ut
757 1488 899 1530 melius
952 1486 1128 1530 civitatis
1178 1485 1352 1529 salutem

247 1568 525 1627 perspiciant,
548 1573 673 1621 atque
691 1564 872 1608 feliciore
888 1570 1032 1607 eventu
1054 1570 1212 1615 curent,
1226 1576 1353 1619 quam

250 1647 312 1690 vel
340 1660 444 1689 unus
474 1644 678 1701 Princeps
709 1642 772 1685 vel
796 1640 943 1699 populi
967 1639 1215 1692 multitudo,
1247 1653 1355 1696 quae

249 1737 326 1782 per
370 1721 671 1780 ignorantiam,
714 1717 1080 1777 superstitionem,
1122 1715 1354 1760 animorum

251 1799 455 1843 levitatem
495 1799 540 1841 in
583 1811 785 1856 praeceps
826 1802 919 1839 acta
961 1793 1163 1849 nullisque
1203 1792 1354 1836 finibus

254 1876 452 1928 coercita,
483 1875 625 1919 similis
654 1881 713 1917 est
737 1873 868 1925 mari,
911 1886 989 1932 per
1023 1871 1228 1931 procellas
1263 1869 1357 1928 agi-

252 1959 386 1997 tato.'’

314 2029 362 2073 ln
393 2036 610 2085 utramque
635 2042 735 2072 vero
760 2034 921 2085 partem
945 2032 1009 2069 tot
1035 2024 1231 2068 contendi
1250 2037 1356 2083 pos-

257 2113 318 2149 set
349 2105 597 2162 argumentis
627 2112 672 2147 ut
702 2104 790 2148 dies
818 2103 1012 2147 deficeret
1043 2100 1312 2146 enumeranti.

315 2180 637 2224 Proficiscuntur
667 2189 801 2224 autem
833 2181 1048 2239 popularis
1073 2178 1235 2239 imperii
1257 2177 1356 2222 vitia

257 2257 479 2317 praecipue
507 2272 553 2301 ex
580 2258 787 2315 corruptis
817 2257 965 2301 civium
987 2255 1174 2300 moribus
1197 2262 1237 2299 et
1260 2256 1356 2299 ani-

1267 2347 1355 2376 mo-
