1487 2850
318 223 975 269 ASTRONOMICA.
1159 236 1209 276 57

103 343 318 389 argumento
349 344 476 375 sumto
510 336 556 374 ab
582 349 599 375 s
625 335 723 374 solo.
774 333 900 373 Etiam
932 333 1000 372 hae
1025 341 1213 372 accuratae

105 415 242 454 erunt,
293 407 382 445 dum
421 414 457 444 et
494 404 649 443 mediam
690 402 949 441 refractionem
986 411 1024 440 et
1059 401 1215 440 mediam

105 477 194 515 item
220 476 390 515 admittas
423 475 513 514 solis
539 474 752 524 parallaxin.
806 474 978 520 Utraque
1001 471 1218 521 suppositio

103 546 197 586 nihil
219 546 329 585 habet
354 546 585 596 importuni:
613 545 744 594 prior,
773 544 877 592 quod
900 543 990 580 mari
1012 544 1111 581 nulla
1138 554 1220 582 utn-

105 628 217 665 quam
252 617 448 656 adhibetur
482 615 717 654 refractionis
750 614 1047 652 thermometrica
1085 621 1123 650 et
1155 612 1221 651 ba·

105 686 302 724 rometrica
328 685 536 732 correcti03
563 686 698 731 altera,
726 684 828 731 quod
859 682 1054 731 parallaxis
1078 681 1219 718 circum

106 755 269 794 medium
306 756 356 793 8”
366 757 443 803 ,56
478 755 641 792 valorem
674 753 843 799 angustis
880 752 1074 790 oscillatur
1106 751 1222 789 inter-

106 825 232 864 vallis.
282 825 510 864 Posteriores
545 824 688 862 tabulas
715 831 841 862 exacte
872 823 917 861 ad
946 830 1088 870 septem
1123 820 1226 859 deci-

109 895 222 933 males
245 895 468 944 supputavit
493 894 521 931 B
538 906 560 931 u
575 893 853 941 rckhardt3
884 891 1086 942 quotannis
1112 891 1226 940 ephe-

110 963 313 1002 meridibus
330 991 344 1012 ,
387 963 658 1003 connaissance
686 962 747 1001 des
782 963 912 1011 Tems,
939 962 1124 1009 inseruitg,
1160 959 1227 999 sed

110 1071 187 1123 ipsi
222 1081 356 1113 nautae
402 1073 556 1122 reliquit
598 1074 878 1124 supputandum
924 1074 952 1113 1.
976 1049 1094 1146 {3}-
1146 1071 1229 1110 Ne-

111 1195 185 1232 que
215 1185 309 1222 male
342 1183 526 1234 fortasse3
579 1196 666 1224 cum
700 1184 786 1233 ipsa
819 1183 1054 1233 computatio
1080 1193 1227 1232 semper

109 1253 161 1292 sit
185 1253 324 1292 tabulis
356 1253 622 1302 praeferenda,
676 1254 743 1292 ubi
779 1266 893 1303 parva
923 1261 1227 1304 argumentorum

109 1323 313 1363 variatione
338 1321 485 1362 functio
511 1324 619 1363 valde
656 1325 852 1363 increscat.
910 1323 986 1362 Sed
1014 1332 1095 1361 esto
1132 1334 1229 1371 quo·

415 1411 481 1439 COS
496 1412 520 1443 λ

113 1445 187 1482 que
219 1434 345 1474 tabula
370 1436 399 1474 1.
416 1456 549 1509 ὦῖῖ,
585 1437 699 1475 modo
728 1435 897 1485 angustis
924 1441 1228 1483 argumentorum

114 1543 305 1582 valoribus
332 1545 552 1593 procedito:
582 1546 652 1584 etsi
669 1546 788 1584 adhuc
810 1546 839 1584 Β
855 1557 882 1583 u
898 1557 916 1583 ι·
928 1557 949 1583 c
963 1545 989 1582 k
1000 1545 1023 1582 h
1037 1556 1057 1582 a
1071 1556 1089 1582 1·
1100 1546 1124 1583 d
1138 1544 1178 1582 ti
1191 1555 1232 1582 a·

114 1623 205 1652 nae
233 1615 356 1663 rigore
380 1617 568 1663 aequalem
598 1616 736 1653 nullam
772 1615 968 1654 habemus.
1021 1615 1127 1654 Duae
1161 1615 1232 1654 ita·

115 1694 190 1732 que
220 1692 310 1722 sunt
335 1684 509 1724 tabulae:
537 1687 649 1723 altera
685 1695 904 1735 argumento
928 1685 1135 1724 altitudinis
1158 1696 1229 1734 ap-

114 1753 279 1801 parentis
309 1754 429 1793 centri
455 1763 494 1793 et
517 1755 745 1803 parallaxeos
773 1754 1020 1793 horizontalis
1037 1782 1051 1802 ,
1086 1766 1234 1793 correc-

363 1870 372 1878 .
445 1869 454 1877 .
604 1871 612 1879 .
815 1847 922 1878 cosa

113 1876 173 1907 tae
206 1881 277 1919 pro
309 1870 507 1910 altitudine
531 1869 642 1920 poh,
681 1871 743 1909 dat
767 1872 796 1909 1.
814 1892 915 1944 ὦζῑ
936 1899 951 1919 ,
990 1871 1104 1910 altera
1123 1882 1234 1921 argu-

117 1994 243 2025 mento
281 1986 488 2027 altitudinis
532 1987 745 2037 apparentis
793 1987 913 2027 centri
956 1987 1049 2027 solis
1096 1988 1234 2029 indicat

127 2092 159 2133 l.
178 2066 297 2167 ἔξ-Ξζ.
348 2090 481 2131 Additi
504 2090 545 2130 hi
570 2090 717 2130 numeri
747 2090 861 2129 dant:

475 2199 727 2230 cosa-‚cosa

430 2225 727 2264 1———-
749 2224 855 2264 —1.
877 2224 935 2264 Ν.

445 2250 459 2266 ’
473 2267 540 2297 cos
561 2270 578 2297 s
591 2284 606 2300 .
621 2259 719 2298 cosl
750 2252 802 2264 “““

1162 2349 1240 2390 Sed
