1487 2850
413 196 925 237 LITERAR1A.
1200 211 1241 238 11

143 330 174 360 ‚·‚
201 308 317 348 ducit.
340 307 365 324 ”
415 307 612 345 Caesar
651 318 802 354 quoque
840 305 1008 344 cohortis
1042 306 1246 344 Praetoriae

143 379 366 417 mentionem
414 376 532 424 facit,
590 377 655 416 lt‘b.
704 377 736 417 Ι.
787 377 1020 416 Gallicorum
1065 376 1247 415 scribens:

140 476 174 497 ,‚
201 460 286 487 cum
306 448 385 486 sola
411 447 549 485 decima
581 446 728 495 legione
759 446 794 485 se
830 447 970 486 iturum
1007 440 1148 495 fibique
1171 459 1250 485 eam

145 546 178 566 ‚‚
203 518 425 557 Praetoriam
459 516 651 555 cohortem
681 516 901 554 futuram.’'
953 517 1139 554 Bellorum
1161 517 1255 555 civi-

146 588 237 627 lium
259 587 492 636 temporibus
515 586 689 624 cohortes
714 586 806 624 istae
826 593 953 624 auctae
980 586 1140 633 sunt,et
1154 597 1252 624 unus

146 658 319 705 idemque
340 657 416 694 dux
429 658 553 705 plures
578 655 721 693 habuit.
780 655 929 694 Etenim
954 655 1160 693 Triumviri
1186 655 1252 693 fibi

142 727 217 776 jam
248 728 373 775 plures
406 725 606 763 instituisse
629 724 802 763 videntur
825 726 1001 763 cohortes
1026 727 1254 774 Praetorias,

144 795 200 833 uti
231 804 334 844 patet
364 807 410 834 ex
436 795 681 844 Appiano
714 796 809 845 (1):
839 822 870 842 ‚‚
898 795 1123 834 Dimiserunt
1152 798 1255 846 (An-

139 893 172 914 „
197 866 325 904 tonius
352 875 390 904 et
418 865 647 905 Octavianus
670 874 760 914 post
788 865 966 913 praelium
993 866 1250 915 Philippense)

139 962 172 982 ‚,
200 946 245 972 ex
278 935 409 973 militia
448 922 567 983 illos,
622 935 689 983 qui
715 936 858 984 J‘ustum
891 943 1039 984 tempus
1071 936 1253 974 militave-

138 1030 173 1050 ‚,
202 1012 310 1051 rant,
356 1013 500 1052 praeter
527 1014 614 1043 octo
651 1004 763 1042 millia
791 1005 1008 1053 hominum,
1061 1016 1159 1054 quos
1192 1018 1254 1044 ro-

138 1097 171 1120 „
200 1081 350 1121 gantes,
392 1083 434 1112 ut
469 1073 537 1112 fibi
562 1074 704 1112 diutius
741 1073 869 1112 liceret
896 1074 962 1113 sub
997 1075 1043 1113 iis
1067 1076 1254 1123 militare,

141 1168 174 1189 ‚‚
201 1150 446 1190 receperunt,
487 1153 528 1180 ac
563 1143 830 1191 descripserunt
864 1143 903 1181 in
943 1146 1148 1183 Praetorias
1192 1159 1256 1184 co·

143 1239 178 1259 ‚,
205 1211 359 1259 hones,
399 1214 447 1257 ἕις
480 1215 722 1261 στρατηγίδας
762 1215 901 1262 τάξεις.
917 1212 944 1230 ”
1019 1214 1253 1255 observanda

145 1280 231 1319 sunt
265 1292 442 1319 numerus
480 1291 523 1319 etr
545 1292 711 1330 tempus.
763 1281 837 1319 Hic
867 1293 1019 1331 quoque
1046 1285 1152 1322 locus
1181 1297 1253 1324 nos

147 1351 257 1389 docet
286 1352 360 1400 jam
396 1360 496 1390 extra
526 1351 709 1399 Romam,
747 1361 942 1399 antequam
973 1352 1073 1391 solus
1099 1355 1145 1392 ad
1175 1367 1256 1404 reg-

144 1431 235 1458 num
277 1429 492 1468 pervenerat
534 1421 760 1469 Augustus,
814 1422 984 1461 habuisse
1018 1423 1254 1464 Triumviros

145 1490 350 1529 Praetorias
378 1490 581 1537 cohortes,
633 1500 668 1528 et
696 1502 829 1539 magno
862 1502 1018 1529 numero
1053 1494 1255 1533 Praetoria-

147 1570 217 1597 nos
262 1557 411 1597 milites.
471 1559 593 1598 Etiam
641 1560 955 1598 Plutarchus
996 1561 1068 1611 (2)
1117 1564 1258 1612 scripfit

147 1629 194 1666 de
227 1629 405 1675 Octavia,
433 1640 510 1666 eam
539 1629 583 1665 ad
612 1629 818 1666 Antonium
839 1630 979 1668 venisse
1007 1640 1043 1669 et
1066 1633 1257 1673 adduxisse

146 1698 267 1736 secum
300 1709 321 1735 a
354 1697 491 1743 fratre,
525 1700 601 1736 duo
639 1698 751 1736 millia
775 1699 991 1737 selectorum
1025 1701 1182 1741 militum
1217 1705 1255 1742 in

144 1766 438 1815 supplementum
471 1767 736 1805 Praetoriarum
771 1768 1012 1817 cohortium,
1063 1771 1127 1818 qui
1169 1784 1253 1821 apta

147 1837 267 1875 ornati
309 1844 412 1874 erant
456 1834 649 1874 armatura.
724 1837 837 1875 Arma
884 1838 973 1875 haec
1020 1850 1122 1878 erant
1169 1843 1256 1881 tho·

144 1917 247 1944 taces
292 1905 482 1953 squamei,
535 1915 571 1943 et
614 1905 714 1944 scuta
760 1906 949 1944 imbricata
997 1909 1081 1958 (3).
1158 1913 1254 1951 Sunt

146 1986 325 2024 quoque,
352 1974 418 2023 qui
444 1975 652 2014 existiment
684 1977 844 2024 Equites
876 1978 1130 2017 Praetorianos
1156 1981 1252 2019 fuis-

1186 2052 1250 2101 se;

179 2152 239 2188 (1)
259 2153 305 2180 De
328 2152 410 2180 Bell.
437 2152 532 2180 Cx'vil.
557 2149 597 2181 V.
620 2160 650 2186 p-
672 2153 739 2187 672-

183 2207 236 2244 (2)
257 2209 291 2236 [n
312 2208 374 2235 vita
393 2208 538 2237 Antonii.

180 2265 235 2303 (5)
257 2264 328 2295 Vid.
346 2264 486 2302 Justus
508 2264 690 2301 Lipsius,
709 2265 743 2293 a'e
765 2266 843 2295 Mil.
866 2267 952 2296 Rom.
979 2267 1012 2296 L.
1035 2269 1075 2297 11.
1098 2270 1165 2300 dial.
1186 2284 1214 2311 4.
