1487 2850
270 200 329 244 221
632 201 1015 248 ORATIO.

270 358 377 402 ratio
401 357 489 414 jure
515 357 646 415 repeti
677 349 842 416 potest,¹
867 365 908 403 et
929 359 965 403 si
989 348 1095 417 quid'
1119 369 1266 407 contra
1287 350 1370 408 imss-

269 434 375 493 perii
405 435 534 491 legem
567 442 784 492 peecatum
819 436 896 490 sit,
934 436 994 480 illi
1029 437 1206 482 ministri
1234 428 1372 484 delicti

267 511 369 554 fiunt
405 510 488 561 rei,
531 511 602 568 qui
645 512 983 572 subscripserint
1004 501 1288 560 instrumentis
1331 523 1371 560 et

265 587 443 641 tabulis,
475 587 517 632 in
555 588 705 644 quibus
731 589 888 646 jussum
915 591 1015 634 illud
1033 580 1368 657 sit-autvetitum.

320 665 483 709 Nullum
511 665 711 709 tributum
723 698 741 725 ²,
759 668 918 711 nullum
940 668 1113 727 vectigal
1125 655 1282 728 ponulo
1294 656 1369 713 irfi-

261 741 364 802 poni
405 758 428 788 a
474 742 564 786 solo
607 743 723 801 Rege
763 752 930 803 potest,
971 760 1070 804 ergo
1111 746 1292 805 abipso
1322 761 1369 790 re

260 834 358 865 vera
398 819 453 863 nil
494 819 584 877 jure
626 819 737 874 fieri,
784 822 897 878 quod
928 822 1101 867 Senatui
1138 823 1369 884 displiceat.

259 895 412 953 Magna
441 895 607 953 quidem
635 897 695 942 vis
721 905 783 942 est
811 899 949 957 regiae
975 887 1194 959 potestatis
1221 901 1265 944 in
1293 917 1369 945 ex·

256 972 409 1017 ercitfis
449 972 654 1032 imperio,
695 983 879 1020 attamen
909 991 995 1020 non
1024 973 1164 1036 piures
1192 977 1366 1022 militum

256 1049 400 1108 copias
439 1050 576 1109 legere
616 1050 724 1110 Regi
767 1039 1037 1106 conceditur,
1092 1068 1217 1110 quam
1259 1060 1365 1111 'quas

254 1125 469 1171 habendas
484 1142 572 1173 esse
592 1129 680 1187 lege
699 1129 924 1186 quotannis
944 1129 1158 1174 constituit
1172 1130 1362 1176 Senatus.

310 1203 525 1261 Denique,
561 1220 613 1250 ne
653 1206 703 1250 de
743 1206 832 1251 aliis
872 1207 1010 1251 multis
1055 1208 1190 1252 dicam
1223 1209 1361 1267 regiae
1482 1264 1483 1267 Ἰ

252 1282 470 1338 potestatis
509 1282 552 1325 in
594 1283 742 1341 Anglia
781 1284 1139 1338 restrictionibus,
1181 1300 1206 1328 a
1247 1285 1360 1343 judi-
1480 1285 1484 1345 '4

252 1372 345 1402 cum
385 1366 424 1403 et
460 1360 728 1405 tlibunalium
767 1362 977 1406 sententiis
1014 1361 1237 1421 provocari
1275 1377 1360 1421 po·
1482 1350 1483 1365 ³

250 1441 332 1479 test
363 1436 416 1480 ad
444 1437 702 1495 superiorem
736 1438 950 1483 Senatum.

304 1511 417 1556 Alias
447 1513 616 1558 alimum
653 1515 835 1572 gentium
867 1516 977 1574 leges
1022 1515 1184 1560 silentio
1208 1529 1356 1575 prae-

247 1588 456 1642 termitto,
488 1590 825 1647 quandoquidem
861 1591 914 1635 ad
944 1591 1065 1634 finem
1088 1591 1354 1650 perducenda

248 1671 308 1708 est
344 1666 491 1711 oratio,
565 1668 598 1712 E
649 1667 869 1726 disputatis
920 1675 1057 1711 autem
1108 1668 1191 1712 hoc
1234 1667 1354 1712 colli-

245 1741 422 1798 gendum
460 1743 561 1786 mihi
598 1744 787 1796 videtur,
832 1759 943 1788 nunc
985 1749 1351 1789 constitutionale

241 1816 461 1876 imperium
495 1822 615 1879 vulgo
653 1822 856 1880 appellari
898 1822 1011 1879 quod
1038 1823 1350 1867 fundamentum

242 1893 370 1938 habet
404 1911 451 1940 ex
488 1898 619 1943 tribus
657 1899 942 1958 potissimum,
984 1915 1088 1957 quas
1123 1900 1349 1959 scriptoies

241 1971 429 2029 plerique
462 1975 706 2029 admittunt,
744 1975 954 2034 regiminis
992 1976 1136 2020 formis
1162 1982 1350 2048 cornpo-

242 2050 366 2094 situm
401 2050 645 2109 impelium,
673 2053 788 2110 cujus
816 2060 958 2112 partes
985 2068 1033 2097 ea
1060 2052 1222 2098 ratione
1250 2061 1352 2098 sunt

242 2127 509 2181 distributae,
537 2137 604 2182 ut,
633 2130 727 2174 licet
743 2131 821 2174 alia
837 2129 904 2174 alii
918 2130 1141 2189 imperanti
1155 2130 1208 2174 sit
1222 2144 1345 2174 com-

239 2203 364 2248 missa
375 2236 386 2257 ,
410 2205 589 2250 omnium
602 2213 738 2251 tamen
753 2207 862 2251 inter
879 2222 923 2251 se
938 2207 1144 2251 vinculum
1160 2215 1352 2261 maneat,

240 2295 447 2338 unumque
471 2281 523 2325 sit
555 2283 668 2339 quod
694 2298 899 2328 summum
928 2283 1079 2329 dicitur
1099 2276 1338 2343 imperinm.

1240 2360 1341 2406 Fert
