1487 2850
249 245 274 283 6
545 244 1059 286 PRAEFATIO.

244 350 455 398 constitui,
505 362 646 390 memor
686 352 788 390 illius
843 379 868 401 „
902 357 998 402 ἀρχῆ
1051 354 1089 394 δέ
1133 368 1185 394 τοι
1235 354 1343 403 ἥμισυ

247 421 398 464 παντός.
422 419 447 436 ”
482 442 534 451 -
568 421 697 468 Itaque
738 422 861 470 incepi
902 433 998 470 opus
1030 431 1141 471 atque
1181 422 1348 479 absolvi,

248 488 430 527 summum
455 500 524 537 pro
546 490 671 528 labore
690 490 853 530 fructum
876 491 1023 531 ferens:
1053 503 1135 530 nam
1156 503 1234 531 eam
1259 493 1352 530 His-

251 558 368 596 toriae
401 559 589 599 Romanae
620 570 783 610 partem,
809 562 849 600 in
883 574 992 611 quam
1023 562 1180 600 militum
1205 563 1353 600 Praeto-

252 627 440 667 rianorum
487 630 655 670 incidunt
699 644 788 680 res,
841 644 1025 681 quamque
1070 632 1188 670 adhuc
1231 634 1353 671 minus

251 707 420 736 accurate
445 708 678 739 tractaveram
695 729 709 748 ,
731 702 805 750 J'am
837 701 952 750 magis
986 701 1208 750 perspectam
1245 702 1356 739 habe-

253 766 356 807 bam.
407 769 511 807 Num
531 781 619 808 vero
640 771 708 808 hac
730 770 992 809 conscribenda
1021 771 1272 819 disputatione
1293 771 1358 808 ali-

257 837 351 886 quid
381 838 600 878 consecutus
636 839 725 888 fim,
752 841 862 888 Vos,
888 840 970 878 Viri
998 841 1061 879 Cl.
1077 868 1091 887 ‚
1115 839 1356 889 Judicabitis:

259 917 420 954 quorum
466 908 548 946 sane
590 909 731 958 judicio
752 892 758 897 ’
782 910 944 947 laborem
993 910 1362 957 quantulumcunque

256 987 383 1014 meum
417 977 597 1026 subjicere
635 989 713 1016 non
753 978 862 1016 ausus
898 976 1072 1024 fuissem,
1112 977 1208 1026 nifi,
1246 987 1287 1016 ut
1321 978 1361 1016 id

255 1056 399 1095 agerem
415 1074 429 1094 ,
455 1046 636 1086 effecisset
660 1048 759 1096 apud
784 1058 843 1086 me
863 1047 1041 1094 cogitatio
1056 1073 1071 1095 ,
1099 1059 1263 1097 magnam
1289 1048 1366 1086 esse

255 1116 379 1154 solere
412 1129 626 1166 magnorum
659 1117 824 1157 virorum
854 1117 894 1155 in
914 1117 1156 1167 dijudicandis
1185 1119 1363 1168 juvenum

256 1181 433 1234 perieulis
457 1187 718 1225 humanitatem
744 1195 856 1235 atque
879 1186 1106 1226 facilitatem.

313 1255 579 1305 Quaestionem
618 1265 738 1295 autem
775 1255 824 1295 fic
864 1257 1044 1304 tractavi,
1095 1265 1139 1295 ut
1172 1257 1364 1312 historiam

263 1323 426 1361 militum
446 1324 763 1364 Praetorianorum
777 1353 790 1372 ,
812 1326 979 1364 haustam
1010 1337 1055 1364 ex
1074 1325 1237 1374 antiquis
1256 1326 1369 1376 scrip-

261 1392 413 1432 toribus
448 1404 677 1443 enarrarem,
729 1406 822 1442 quae
860 1395 991 1433 tradita
1025 1395 1113 1433 fons
1154 1395 1273 1444 esset,
1322 1407 1368 1435 ex

262 1473 344 1511 quo
374 1463 495 1501 omnis
523 1473 650 1502 nostra
674 1464 846 1512 deinceps
873 1472 1034 1511 manaret
1063 1465 1196 1503 oratio.

315 1532 432 1582 Quod
461 1534 507 1572 ad
536 1533 660 1572 fontes
682 1533 834 1581 attinet,
864 1534 1001 1581 quibus
1024 1533 1111 1572 usus
1135 1532 1240 1581 sum,
1267 1533 1370 1573 hausi

264 1610 398 1652 magna
425 1614 471 1642 ex
507 1612 611 1652 parte
645 1614 688 1640 ex
726 1602 813 1650 ipfis
856 1604 1036 1652 antiquis.
1100 1602 1159 1640 De
1189 1602 1372 1651 primariis

265 1672 429 1711 breviter
461 1672 668 1712 videamus.
743 1672 821 1711 Res
859 1672 1018 1710 militum
1052 1670 1373 1710 Praetorianorum

264 1741 312 1779 ab
338 1741 515 1789 Augusto
548 1741 632 1777 inde
670 1742 715 1778 ad
753 1740 1009 1779 Domitianum
1040 1739 1206 1789 cognovi
1236 1751 1281 1778 ex
1320 1740 1371 1780 C.

265 1809 522 1849 Suetonii
574 1808 912 1856 Tranquilli,
964 1809 1031 1855 qui
1074 1808 1140 1845 sub
1185 1808 1373 1847 Hadriano

266 1879 442 1929 magister
466 1877 541 1917 fuit
573 1877 837 1926 epistolarum,
876 1876 949 1915 viri
983 1877 1148 1916 veritatis
1173 1870 1377 1917 amantisfio

267 1949 349 1997 mi,
389 1948 474 1987 XII.
501 1949 588 1986 vitis
628 1946 856 1994 Caesarum:
892 1955 928 1984 et
967 1956 1012 1984 ex
1040 1946 1091 1985 C.
1129 1946 1375 1986 Cornelii

270 2018 452 2058 Taciti
489 2028 575 2055 cum
615 2016 820 2054 Annalium
855 2016 988 2062 libris,
1037 2016 1104 2064 qui
1145 2015 1191 2054 ab
1228 2017 1377 2068 excessu

271 2087 437 2138 Augusti
459 2087 505 2125 ad
532 2095 687 2125 mortem
714 2085 878 2124 Neronis
898 2086 1134 2134 procedunt,
1167 2096 1246 2124 tum
1268 2087 1377 2126 libris

274 2159 532 2198 Historiarum
561 2169 582 2195 a
616 2156 736 2195 Galba
771 2156 817 2193 ad
840 2142 1139 2203 Domitianum,
1164 2154 1202 2193 in
1237 2155 1375 2202 quibus

274 2228 425 2268 duobus
456 2226 632 2275 operibus
665 2222 837 2264 nonnulli
870 2225 980 2272 libri,
1016 2223 1135 2262 eheu!
1177 2225 1378 2265 defideran-
1398 2223 1417 2236 ‘¹

274 2296 350 2344 tur.
405 2297 476 2336 Hic
513 2296 745 2345 gravisfimus
777 2294 1006 2341 historicus,
1058 2292 1130 2331 acri
1151 2292 1376 2343 subactoque

1316 2375 1378 2413 ju*
