1487 2850
299 240 348 288 84
527 240 1196 283 COMMENTATIO

299 355 407 395 tam,
429 349 765 399 voluptatibusque
803 349 1060 399 mancipatus,
1088 362 1217 389 omnes
1247 349 1414 389 dissolvit

298 428 384 464 res,
413 418 540 456 urbem
579 420 836 468 perturbavit,
870 428 984 467 atque
1026 421 1196 461 militum.
1223 420 1409 460 licentiam

301 498 411 535 quam
450 489 606 528 maxime
633 490 740 528 aluit.

788 570 823 619 ς.
866 572 952 610 vn.

591 674 653 713 De
690 675 896 725 Praefectis
919 676 1133 716 Praetorio.

354 774 416 811 Ad
442 773 619 822 originem
645 774 756 824 hujus
772 774 1022 824 praefecturae
1036 775 1328 824 cognoscendam
1367 777 1417 813 ie-

303 844 444 891 gendus
460 852 519 881 est
535 844 617 882 Tit.
630 845 697 882 XI.
712 844 799 882 Lib.
817 846 846 883 Ι.
860 846 1120 883 Pandectarum
1132 844 1176 882 de
1184 847 1290 896 officio
1299 846 1419 883 Prae-

291 912 392 958 fecti
419 912 644 959 Praetorio,
675 913 715 949 in
741 925 818 960 quo
843 913 1017 961 scripturn
1044 923 1124 952 est:
1156 942 1188 961 „
1215 916 1274 952 Ad
1296 915 1414 952 vicem

304 1008 338 1028 „
366 982 540 1029 Magistri
553 982 737 1029 Equitum
757 981 968 1020 Praefectos
992 982 1182 1020 Praetorio
1209 983 1416 1030 antiquitus

299 1078 333 1098 ‚,
362 1050 552 1089 institutos
581 1051 684 1099 esse,
711 1063 731 1089 a
771 1051 990 1099 quibusdam
1027 1051 1268 1098 scriptoribus
1305 1052 1419 1089 tradi-

303 1145 336 1165 „
364 1127 444 1157 tum
485 1120 646 1168 est(1).
700 1119 797 1157 Nam
822 1130 906 1156 cum
942 1119 1041 1166 apud
1071 1127 1213 1157 veteres
1247 1119 1418 1158 Dictato-

300 1215 331 1237 „
358 1188 464 1226 ribus
508 1190 554 1226 ad
599 1198 747 1235 tempus
782 1188 920 1225 summa
968 1197 1135 1236 potestas
1184 1189 1415 1234 crederetur,

299 1284 331 1304 ‚‚
359 1266 396 1294 et
429 1256 639 1305 Magistros
679 1257 860 1303 Equitum
886 1257 952 1294 fibi
987 1256 1194 1304 eligerent,
1223 1256 1288 1302 qui
1313 1256 1418 1294 adso·

297 1350 331 1374 ‚‚
357 1325 444 1364 ciati
483 1325 680 1374 principali
716 1336 824 1363 curae
859 1326 925 1374 (ad
962 1326 1112 1362 militiae
1153 1325 1327 1373 gratiam)
1361 1325 1417 1364 se·

296 1422 329 1443 ‚‚
357 1396 516 1435 cundarn
556 1404 646 1443 post
680 1407 744 1433 eos
766 1403 987 1443 potestatem
1016 1403 1208 1441 gererent,
1235 1395 1416 1443 regimen·

298 1491 330 1512 ‚‚
359 1466 409 1503 tis
440 1465 666 1513 reipublicae
697 1466 741 1502 ad
777 1465 1022 1512 Imperatores
1052 1473 1253 1512 perpetuos
1294 1474 1416 1503 trans·

298 1561 329 1582 „
356 1536 440 1573 latis
454 1537 522 1581 ,ad
534 1535 806 1573 similitudinem
827 1534 1096 1581 Magistrorum
1115 1531 1295 1581 Equitum
1309 1535 1417 1573 Prae·

294 1627 326 1652 5,
354 1603 444 1643 fecti
464 1604 654 1644 Praetorio
680 1617 701 1643 a
720 1604 955 1651 Principibus
987 1604 1093 1641 electi
1122 1604 1234 1642 sunt:
1260 1604 1342 1641 data
1358 1613 1415 1642 est

296 1696 329 1723 9,
357 1675 503 1723 plenior
524 1675 671 1713 licentia
690 1676 736 1712 ad
759 1675 975 1722 disciplinae
999 1674 1170 1722 publicae
1191 1675 1416 1712 emendatio·

295 1772 327 1791 „
357 1745 488 1783 nem.”
501 1743 924 1783 Praeerantcohortibus
935 1743 1148 1782 Praetoriis.
1167 1744 1204 1782 H
1219 1755 1268 1781 er
1282 1755 1304 1781 0
1317 1743 1413 1783 dia·

289 1823 382 1850 nus
423 1813 689 1861 praefecturam
725 1812 906 1851 Praefecti
944 1812 1132 1851 Praetorio
1168 1822 1307 1860 vocat,
1347 1816 1412 1860 τὴν

285 1888 348 1924 τοῦ
375 1886 538 1933 σώματος
561 1886 713 1934 Φρουρὰν
743 1885 802 1924 καὶ
831 1886 894 1929 τὴν
907 1888 973 1924 τῶν
995 1888 1130 1932 &poca-&v
1154 1885 1296 1932 ἀρχὴν,
1322 1894 1407 1920 cor·

1341 1965 1411 2000 PO-

327 2032 381 2069 (ι)
401 2030 478 2066 Quia
502 2030 665 2065 Caesares,
684 2030 734 2058 etfi
761 2037 822 2058 non
855 2028 978 2057 nomine
995 2048 1005 2063 ,
1033 2036 1067 2057 re
1097 2035 1197 2057 tamen
1220 2027 1408 2057 Dictaturam

283 2095 462 2123 perpetuam
491 2088 653 2124 gerebant,
675 2087 885 2121 Dictator-ique
913 2085 988 2114 olim
1012 2087 1157 2120 Magister
1180 2085 1324 2120 Equitum
1358 2086 1409 2114 ad-

284 2145 429 2177 debatur,
454 2145 526 2172 =ario
543 2144 613 2172 hinc
633 2143 763 2178 intelligi
784 2144 873 2179 posse
897 2142 1037 2173 videtur..
1055 2150 1108 2170 cur
1133 2141 1251 2176 quidam
1278 2140 1408 2176 scripto-

284 2208 440 2233 res‚teve
494 2200 631 2229 urelio
654 2200 823 2228 Arcadio
841 2198 1031 2228 charisio
1050 2200 1084 2226 in
1103 2197 1278 2233 Legeum'c.
1302 2197 1402 2226 Pand.

281 2252 315 2278 ὼ
348 2250 408 2284 Off.
440 2250 602 2286 Praefecti
632 2251 821 2284 Praetorio,
842 2248 1040 2284 tradiderint,
1066 2249 1105 2276 ad
1134 2247 1235 2277 vicem
1267 2246 1408 2283 Magistri

279 2307 421 2341 Equitum
441 2306 612 2335 Praefectos
632 2305 788 2335 Praetorio
814 2305 962 2336 institutos
991 2305 1098 2334 fuisse.
