1487 2850
281 205 354 240 234
509 191 1170 240 COMMENTATIO

284 300 314 343 ai
352 300 594 338 Knebelii
631 310 797 344 cursus,
850 300 952 345 quod
982 311 1124 347 semper
1162 307 1378 348 oporteret,

285 370 333 407 ita
359 369 567 406 moderatus
593 367 752 413 fuisset,
778 375 847 413 ut,
870 378 977 414 quam
1015 367 1194 406 minimam
1230 368 1380 417 possit,

283 438 447 491 diurnam
486 437 723 475 variationem
754 436 931 482 haberet,
979 437 1068 484 quin
1097 438 1296 476 anomaliae
1330 439 1382 476 is-

275 516 367 552 tae,
397 518 491 555 quae
517 518 616 545 nunc
641 507 678 543 in
709 506 801 554 ipsis
826 505 997 543 secundis
1035 506 1195 551 adsunt,
1232 517 1380 545 cursum

263 585 478 623 ⁴sequentes
504 576 543 613 in
573 577 732 617 decimas
761 584 872 622 atque
896 575 1109 613 centesimas
1130 574 1281 612 secundi
1301 587 1384 623 par·

283 654 338 689 rges
366 647 550 684 traductae
572 645 710 683 forent.
754 644 869 693 Quod
890 644 922 682 si
941 655 1067 684 verum
1095 643 1166 691 sit,
1191 644 1286 682 nihil
1303 656 1383 682 om-

278 715 369 759 nino
398 724 482 760 est,
522 716 625 761 quod
666 725 738 751 tam
777 713 937 751 enormis
968 724 1102 751 cursus
1140 714 1285 752 veniam
1322 714 1383 752 de-

255 785 418 832 ‚precari
456 784 593 833 possit.

330 854 403 891 Sed
428 862 470 892 ut
496 854 583 891 illuc
608 853 795 890 redeamus
811 880 824 898 ,
866 853 963 889 unde
996 852 1069 889 huc
1096 851 1288 900 inopinato
1322 852 1386 890 de·

274 922 469 965 afferimus:
509 924 851 961 chronometrorum
890 921 1089 959 bonitatem
1123 921 1197 958 alio
1233 933 1387 969 quoque

280 993 556 1041 experimento,
610 992 718 1040 eique
759 992 874 1040 magis
917 990 1082 1028 sensibili
1117 991 1299 1040 subjicere
1331 992 1389 1028 lu·

262 1099 267 1102 ,
305 1071 358 1113 et.

332 1132 373 1172 si
413 1132 629 1181 quotidiana
674 1131 854 1177 variatio,
899 1129 1173 1177 comparatione
1215 1137 1386 1177 reperta,

263 1202 420 1243 .-mediae
443 1202 635 1239 variationi
677 1212 821 1248 semper
846 1199 1008 1246 aequalis
1045 1207 1167 1243 esset,
1197 1197 1309 1235 sicuti
1331 1208 1388 1237 re-

276 1258 470 1319 quiritur,
498 1279 540 1308 ut
578 1269 812 1315 horologium
846 1267 1050 1315 perfectum
1081 1266 1203 1302 haberi
1237 1265 1389 1313 possit,

279 1341 461 1387 accideret
478 1368 491 1387 ,
517 1348 558 1376 ut
585 1339 648 1375 ubi
674 1347 813 1384 partem
849 1336 960 1384 hujus
990 1333 1203 1372 variationis
1231 1334 1393 1383 tempori

259 1441 263 1444 Δ
282 1409 597 1458 proportionalem
614 1435 626 1454 ‚
643 1406 725 1443 inde
746 1417 766 1443 a
792 1405 910 1453 primo
937 1403 1223 1452 comparationis
1248 1404 1307 1441 die
1327 1415 1392 1442 us-

282 1489 357 1527 que
391 1479 437 1517 ad
478 1477 733 1523 insequentem
763 1475 921 1522 aliquem
956 1475 1108 1520 elapso,
1153 1473 1389 1511 retardationi

284 1548 452 1598 originali
477 1548 689 1586 adderemus
706 1572 720 1592 ,
749 1544 992 1582 recideremus
1028 1542 1069 1579 in
1103 1542 1309 1579 absolutam
1336 1551 1394 1579 re-

285 1619 523 1658 tardationem
561 1615 737 1662 eandem,
791 1625 883 1661 quae
922 1612 985 1649 illo
1024 1611 1083 1648 die
1120 1611 1394 1658 comparatione

278 1697 431 1737 vreperta
469 1686 628 1724 fuisset:
671 1684 743 1722 hoe
771 1693 857 1729 est,
902 1681 1071 1730 quotidie
1109 1690 1221 1728 atque
1252 1692 1397 1729 semper

287 1756 474 1806 horologii
505 1766 608 1794 error
641 1754 690 1792 ita
721 1760 959 1801 computatus
997 1750 1159 1798 aequalis
1199 1758 1295 1787 esset
1327 1749 1395 1787 ob-

288 1824 450 1866 servato.
509 1825 576 1864 Sin
613 1833 734 1862 autem
768 1835 788 1860 a
827 1821 941 1858 media
975 1819 1175 1858 variatione
1217 1818 1393 1865 utrinque

287 1898 414 1946 paullo
445 1893 702 1939 discessisset,
731 1890 955 1929 differentiae
980 1890 1112 1926 horum
1141 1897 1305 1925 errorum
1338 1887 1395 1924 in-

288 1968 476 2012 dicarent,
504 1972 664 2012 quantus
691 1967 991 2008 error,assumto
1018 1953 1141 1994 medio
1166 1954 1236 1993 hoc
1251 1967 1390 2002 cursu,

287 2035 456 2084 quotidie
487 2033 526 2072 in
550 2034 636 2081 ipso
673 2040 838 2079 tempore
867 2029 987 2066 medio
1025 2025 1314 2075 cognoscendo,
1340 2034 1393 2063 at-

293 2117 368 2153 que
391 2103 624 2153 longitudine
645 2102 736 2140 adeo
762 2097 991 2142 definienda,
1022 2094 1206 2134 committi
1246 2093 1395 2132 debuis-

287 2184 360 2215 set.

342 2243 569 2282 Universum
613 2239 824 2285 calculum,
877 2237 942 2287 qui
986 2233 1095 2273 taedii
1138 2234 1271 2282 plenus
1316 2240 1396 2279 est,

1307 2300 1397 2338 sub·
