1487 2850
394 207 909 253 LITERAR'IA.
1170 220 1219 259 ας

109 326 243 357 tantam
288 318 498 367 pervenisse
534 318 818 366 auctoritatem,
862 319 913 356 'ut
944 317 996 355 nil
1029 316 1107 354 fere
1141 315 1217 355 fine

101 389 243 438 :SeJ'ano
278 397 461 437 ageretur.
527 389 760 438 Propositum
799 388 883 427 sane
912 387 947 426 ei
981 385 1054 424 fuit
1083 394 1126 425 ut
1155 387 1222 423 ali-

105 458 257 506 quando
286 459 331 497 ad
364 459 613 508 principatum
639 459 874 507 perveniret,
902 457 1006 505 quod
1027 456 1136 494 etiam
1166 454 1221 493 fa·

101 528 175 566 cile
221 528 466 576 explevisset,
517 528 550 565 si
597 527 776 566 Tiberius
827 528 991 575 Capreas
1026 523 1219 573 profectus

103 597 297 645 imperium
333 598 366 635 ei
398 597 619 635 tradidisset.
674 598 728 636 Ut
753 604 975 644 potestatem
1013 594 1135 644 Sejani
1160 593 1223 632 fu-

100 666 181 705 sius
219 666 407 714 indicem‚
441 667 566 705 citabo
593 666 788 704 Dionis
817 665 930 703 verba
958 664 1043 713 (1).
1105 691 1138 711 ‚,
1165 664 1219 702 At

101 763 135 784 „
162 735 318 784 Sejanus
350 734 465 784 magis
494 747 640 783 semper
665 735 945 784 ingravescere,
972 745 1014 771 ac
1041 734 1217 782 majorem

102 831 135 852 ‚,
162 813 339 844 terrorem
365 805 418 842 sui
444 805 602 853 offerre3
631 805 782 854 jamque
805 813 841 842 et
872 805 1031 843 Senatus
1064 813 1102 841 et
1134 802 1219 840 reli-

102 903 135 923 „
164 875 256 923 qui,
285 875 440 913 Tiberio
462 874 612 923 spreto,
640 875 672 912 ei
697 884 870 921 tanquam
900 871 1116 922 imperatori
1140 872 1219 910 ani-

101 970 135 991 „
161 955 262 981 mum
299 944 504 981 advertere.
553 943 615 981 De
638 954 715 991 quo
740 942 804 980 ubi
835 942 982 981 rescivit
1009 941 1218 989 Tiberius,

100 1039 135 1060 „
161 1013 329 1060 veritus,
356 1024 404 1050 ne
435 1013 632 1061 imperium
667 1013 785 1061 palam
812 1012 846 1050 ei
877 1011 1112 1058 deferretur,
1139 1022 1215 1049 rem

102 1109 135 1129 „
161 1092 284 1130 neque
297 1082 402 1130 parvi
425 1081 650 1128 faciendam,
678 1093 802 1130 neque
823 1083 1076 1131 negngndam
1091 1081 1215 1120 duxit.

101 1178 132 1198 ‚,
163 1151 262 1201 Quia
289 1162 380 1188 vero
414 1162 544 1189 omnes
585 1152 842 1189 Praetorianos
880 1151 1016 1189 milites
1058 1150 1215 1199 Sejanus

100 1247 133 1268 ,‚
160 1219 228 1258 fibi
250 1219 390 1258 summe
411 1220 626 1258 devinxerat
646 1248 659 1267 ,
684 1220 904 1258 Senatorum
947 1221 1043 1258 alios
1076 1219 1220 1258 benefi-

100 1317 133 1338 „
160 1289 251 1338 ciis,
277 1290 482 1328 nonnullos
501 1288 591 1338 spe,
616 1289 796 1337 quosdam
822 1298 922 1327 metu
947 1287 1017 1327 fibi
1039 1290 1217 1338 adJunxe÷

97 1386 130 1408 9,
158 1367 237 1407 rat,
263 1367 300 1397 et
323 1360 360 1397 in
387 1360 584 1407 omnium,
613 1359 678 1407 qui
705 1371 791 1397 cum
820 1358 976 1397 Tiberio
1008 1367 1135 1406 erant,
1161 1358 1213 1396 ita

97 1456 131 1477 ,‚
155 1427 193 1468 se
225 1428 470 1468 infinuaverat
499 1429 725 1476 amicitiam,
766 1440 807 1467 ut
837 1429 884 1466 de
919 1428 1094 1466 omnibus
1129 1429 1211 1477 eJus

97 1526 132 1547 ,‚
157 1499 250 1537 actis
289 1498 407 1536 statim
446 1499 625 1547 resciret,
671 1499 768 1538 nihil
806 1510 963 1547 eorum,
1003 1510 1099 1548 quae
1132 1497 1212 1548 ipse

99 1594 132 1618 ,‚
159 1568 321 1617 egisset,
361 1568 559 1616 quisquam
593 1569 638 1606 ad
676 1569 874 1607 Tiberium
906 1568 1094 1616 deferret,
1130 1568 1214 1606 ideo

99 1665 133 1686 „
159 1639 283 1687 paiam
302 1639 394 1676 nihil
417 1649 575 1676 conatus
603 1647 673 1677 est.
691 1639 717 1656 '⁹
741 1660 800 1668 —
827 1641 879 1678 Et
905 1639 978 1677 alio
1003 1640 1088 1677 loco
1116 1638 1214 1678 Dio

97 1708 217 1746 dixit:
270 1736 301 1755 „
327 1708 532 1747 Enimvero
579 1710 736 1759 Sejanus
780 1708 882 1747 fastu
922 1708 1035 1747 animi
1079 1717 1212 1758 poten-

96 1803 131 1825 „
158 1776 284 1824 tiaque
308 1779 398 1815 adeo
423 1777 644 1816 efferebatur
662 1779 761 1828 Jam,
789 1787 831 1817 ut
855 1779 960 1828 (quo
984 1778 1112 1827 paucis
1131 1790 1210 1818 rem

91 1873 127 1896 ,‚
151 1847 363 1895 expediam)
386 1847 463 1896 ipse
486 1848 718 1896 Imperator,
743 1848 922 1888 Tiberius
953 1848 1094 1888 insulae
1125 1849 1212 1897 qui-

97 1943 130 1966 „
148 1917 236 1957 dam
269 1925 394 1955 rector
414 1916 491 1956 esse
523 1917 734 1967 videretur3
772 1919 875 1967 quod
897 1918 937 1957 in
963 1918 1108 1968 insula,
1145 1919 1209 1959 cui

97 2014 130 2035 ,‚
154 1987 322 2036 Capreae
341 1998 481 2027 nomen
497 2016 510 2036 ‚
541 1987 722 2027 Tiberius
745 1988 876 2038 agebat
904 1988 1039 2039 ''-(2).

146 2056 248 2095 Haec
269 2057 455 2096 Dionis
481 2058 593 2097 verba
622 2059 848 2098 testimoniis
872 2059 1028 2098 aliorum
1052 2070 1207 2108 quoque

92 2126 311 2176 scriptorum
341 2127 622 2169 confirmantur.
685 2129 806 2178 Sejani
831 2138 1053 2178 potestatem
1087 2130 1152 2170 Su
1168 2141 1207 2168 e-

137 2250 192 2286 (1)
211 2249 235 2279 1.
256 2249 364 2282 tvm.
386 2257 415 2279 c.
439 2258 490 2287 4.·
1140 2209 1157 2238 t
1171 2211 1211 2235 ⁰⁸

137 2300 192 2337 μ)
210 2301 234 2330 1.
257 2300 367 2331 Lvm.
389 2309 417 2330 c.
442 2310 471 2336 5.
