1487 2850
243 250 293 280 ω
475 240 1141 285 COMMENTATIO

240 348 313 394 hoc
339 347 507 396 stipendii
542 350 788 389 Praetorianis
822 350 1003 399 augendi,
1029 350 1191 389 sumtum
1227 362 1249 388 a
1285 361 1353 389 ve-

241 417 313 456 teri
346 417 503 466 militia3
555 429 639 457 nam
673 419 761 457 olim
797 419 938 458 cohors
984 420 1171 459 Praetoria
1216 420 1358 468 sesqui-

243 486 352 536 pium
375 487 581 537 accipiebat
612 488 769 527 honoris
801 487 932 536 causa,
958 489 1110 527 τεεῑεἙ
1123 499 1237 528 esto
1268 491 1356 540 (1).

246 555 428 595 Ceterum
478 555 506 595 fi
547 556 703 597 sedecim
754 568 878 609 ⁸annos
944 558 1162 597 meruissent
1185 588 1201 607 ‚
1263 559 1362 597 mili·

247 634 307 665 tes
341 627 554 667 cohortium
595 627 862 667 Praetoriarum
906 628 1047 666 viritim
1086 629 1216 667 vicena
1248 627 1364 666 millia

250 697 449 736 nummum
497 697 757 747 accipiebant:
818 711 936 746 quum
982 710 1004 737 e
1045 698 1231 737 contrario
1281 698 1367 736 reli-

252 766 340 814 quis
374 765 585 814 militibus,
636 776 840 818 postquam
869 768 1002 817 viginti
1037 780 1154 806 annos
1182 768 1367 806 militave-

253 844 360 884 rant,
398 837 594 878 duodecim
623 837 735 876 millia
762 839 957 877 nummum
992 839 1244 887 penderentur
1279 838 1365 886 (α)

253 905 344 945 Huc
377 906 544 954 respexit
572 906 869 946 Suetonius
897 908 990 956 (3):
1032 935 1059 955 „
1084 906 1284 956 Quidquid
1305 917 1371 943 au-

257 1000 286 1024 „
309 983 387 1013 tem
422 975 565 1023 ubique
597 976 756 1014 militum
784 975 901 1024 esset,
927 976 973 1014 ad
999 984 1136 1014 certam
1168 974 1370 1024 stipendio-

258 1071 286 1094 „
310 1056 392 1083 rum
405 1045 729 1094 praemiorumque
747 1046 945 1085 formulam
970 1045 1180 1085 adstrinxit:
1209 1044 1372 1084 definitis

258 1142 285 1164 „
310 1126 382 1164 pro
417 1116 534 1164 gradu
568 1117 756 1165 cuiusque
793 1125 830 1155 et
868 1116 1101 1164 temporibus
1139 1116 1288 1154 militiae
1336 1125 1374 1155 et

261 1209 290 1233 ,‚
312 1186 522 1224 commodis
555 1185 797 1226 missionum:
826 1198 874 1225 ne
899 1196 962 1225 aut
989 1194 1131 1234 aetate,
1160 1196 1223 1224 aut
1247 1187 1374 1234 inopia

265 1282 291 1304 ,.,
316 1262 406 1303 post
457 1255 668 1296 misfionem
718 1255 903 1296 sollicitari
941 1257 986 1295 ad
1023 1268 1081 1295 res
1121 1267 1237 1295 novas
1287 1267 1377 1305 pos-

265 1351 293 1375 „
317 1323 448 1365 sent.”

303 1473 359 1510 (ι)
379 1468 417 1500 In
438 1481 517 1504 voce
538 1476 652 1504 Praet.
677 1475 750 1505 Coh.

299 1533 360 1571 (2)
379 1533 471 1563 Dio.
503 1535 525 1562 1.
554 1534 617 1563 LV.
643 1541 673 1561 c.
703 1541 754 1567 23·
783 1531 879 1561 Libro
906 1538 1006 1577 autem
1033 1531 1115 1560 LIV.
1145 1538 1176 1560 c.
1201 1537 1250 1563 25.
1283 1530 1378 1559 dixit:

265 1588 301 1632 ἦν
328 1590 366 1627 ὂέ
393 1591 411 1626 3
437 1604 478 1627 τε
490 1591 626 1635 ἂριθμῖις
640 1594 707 1626 ’τῶν
720 1590 807 1625 ἐτῶν
821 1617 832 1629 ,
848 1591 923 1629 τοῖς
938 1594 998 1631 μὲν
1014 1588 1206 1631 δορυφόροις
1221 1588 1349 1623 δώδεκα
1364 1617 1373 1629 ,

266 1657 345 1696 τοῖς
371 1653 404 1690 δ’
429 1656 556 1696 ἄλλοις
577 1654 772 1689 ἑκκαίδεκα·
793 1656 852 1688 καὶ
880 1655 920 1688 ‘rb
948 1658 1009 1696 μὲν
1025 1654 1178 1696 ιιργῦριον
1192 1680 1202 1693 ,
1228 1655 1302 1693 τοῖς
1317 1657 1380 1695 μὲν

265 1719 445 1760 ἐ’λιιττον,
467 1721 542 1760 τοῖς
564 1718 602 1753 δὲ
617 1721 748 1753 πλεῖον.
774 1737 812 1743 -
831 1721 1001 1749 Tacitus
1022 1721 1245 1762 autembannd
1265 1722 1384 1755 I.c.17.

267 1781 456 1810 mentionem
472 1788 596 1816 quoque
621 1778 694 1807 facit
708 1779 745 1806 de
763 1777 894 1805 sedecim
918 1775 1021 1810 annis,
1041 1776 1124 1810 quod
1146 1773 1282 1804 debitum
1305 1776 1385 1804 mili-

266 1836 352 1866 tandi
373 1843 491 1872 tempus
506 1844 570 1865 erat
591 1834 806 1866 Praetorianis:
830 1853 854 1868 ‚,
875 1833 924 1861 An
941 1832 1106 1862 Praetorias
1123 1833 1284 1866 cohortes,
1306 1841 1383 1867 quae

271 1913 296 1931 ‚‚
317 1894 408 1923 binos
428 1892 568 1922 denarios
587 1892 760 1927 acciperent
773 1911 782 1924 ,
803 1898 880 1925 quae
904 1897 973 1924 post
995 1889 1125 1917 sedecim
1150 1897 1243 1918 annos
1265 1892 1388 1922 ,Penati-

270 1970 297 1988 ,‚
317 1950 374 1979 bus
416 1949 478 1978 suis
512 1949 673 1977 reddantur
689 1968 699 1982 ‚
738 1949 805 1982 plus
839 1946 1046 1981 periculorum
1089 1944 1242 1980 suscipere
1259 1949 1272 1975 '2'
1291 1946 1311 1959 ''
1349 1962 1387 1969 —

274 2027 300 2045 ,‚
323 2006 437 2043 Lapsus
456 2004 612 2041 ergoDio
624 2003 895 2039 ,inquitLipsiu
908 2012 919 2032 s
937 2003 967 2030 in
983 2010 1054 2031 nota
1071 2003 1106 2041 ad
1116 2003 1146 2031 h.
1158 2004 1179 2031 1.
1192 2003 1294 2038 ‚quiL
1308 2004 1392 2036 le.

273 2084 298 2101 „
319 2064 432 2093 diserte
451 2062 559 2098 tradit,
578 2064 745 2097 Augustum
762 2060 902 2089 definisse
921 2068 1014 2088 annos
1031 2057 1194 2088 'praetoriis
1212 2052 1390 2103 cohortibus

275 2141 301 2159 ,‚
320 2120 503 2156 duodecim,
530 2119 596 2149 aliis
619 2118 764 2147 sedecim.
804 2117 865 2146 Nisi
889 2125 988 2145 tamen
1016 2116 1047 2145 id
1069 2117 1222 2153 decretum
1243 2124 1388 2146 mutatum

275 2198 302 2216 ,‚
322 2185 446 2214 postea,
473 2185 550 2206 anno
572 2176 802 2209 Dechvul,
822 2175 904 2209 quod
928 2181 1050 2210 apparet
1076 2182 1114 2202 ex
1130 2174 1239 2203 eodem
1254 2174 1386 2204 Dione

281 2256 307 2274 ,‚
324 2238 348 2265 1.
371 2236 443 2270 LV,
463 2233 515 2263 ubi
533 2234 570 2262 de
589 2232 731 2268 praemiis
748 2230 937 2260 militaribus.
948 2230 969 2244 '’

320 2293 375 2332 (s)
392 2293 427 2321 ln
446 2293 529 2328 Aug.
553 2299 582 2320 c.
603 2299 653 2327 49.

1250 2370 1287 2417 ἕ.
1316 2369 1385 2410 ΙΠ.
