1487 2850
472 172 838 215 ORATIO.
1181 176 1206 218 9

102 362 104 364 -
161 322 300 389 Quum
325 345 444 375 vero
474 331 556 388 jam
599 329 799 374 Cicero
836 331 1004 374 vidisset
1041 339 1080 375 et
1108 340 1208 390 post

104 423 197 453 eum
227 408 411 452 viderent
445 407 634 467 plurimi,
672 407 841 464 singulis
868 408 1032 466 imperii
1062 409 1208 453 formis

103 499 180 529 sua
206 484 379 544 propria
406 499 494 529 esse
524 484 637 528 bona
668 491 707 527 et
739 484 859 536 vitia,
903 492 989 528 tum
1026 485 1213 544 singula-

102 577 195 606 rum
223 561 385 605 illarum
412 562 641 604 formarum
673 561 896 605 commoda
924 576 1111 616 servare,
1141 564 1212 607 in-

104 639 328 684 commoda
364 652 462 682 vero
492 637 744 689 diminuere,
775 645 815 681 et
853 638 887 681 si
920 638 1009 683 fieri
1042 648 1210 698 posset,

102 715 247 760 tollere
274 714 413 760 conati
437 721 553 768 sunt,
583 728 668 758 non
698 715 831 758 solum
862 716 933 772 qui
966 716 1018 761 de
1052 717 1214 762 civitate

102 793 210 837 bene
223 791 457 837 ordinanda
477 791 735 850 scripserunt
759 800 977 846 auctores,
1005 809 1146 839 verum
1174 803 1216 841 et

101 870 160 914 illi
182 870 304 914 etiam
330 869 542 913 civitatum
560 869 789 922 Hectores,
822 870 973 926 quibus
1003 872 1081 915 sibi
1109 874 1215 917 sub-

105 945 286 990 ditorum
315 945 465 990 civium
497 946 609 1006 salus
650 960 846 1005 suprema
881 947 926 991 in
960 951 1139 995 vetando
1172 960 1213 996 et

104 1022 293 1079 jubendo
323 1022 388 1066 lex
420 1028 523 1066 erat.

162 1098 319 1142 Tribus
357 1097 484 1154 igitur
516 1097 682 1156 imperii
716 1100 935 1157 generibus
966 1110 1052 1147 tum
1083 1120 1215 1161 quar-

105 1182 192 1220 tum
229 1174 389 1218 accedit
425 1187 554 1231 genus
589 1189 639 1218 ex
672 1176 886 1233 prioribus
924 1178 1002 1223 illis
1045 1181 1218 1227 mixtum

107 1259 148 1296 et
180 1251 466 1303 moderatum,
499 1265 548 1294 ex
580 1251 718 1309 primo
753 1254 882 1298 altero
920 1263 960 1299 et
992 1259 1116 1302 tertio
1158 1261 1217 1305 ita

106 1335 411 1387 temperatum,
464 1334 509 1370 ut
565 1329 702 1372 omnia
763 1330 817 1373 ad
865 1333 1039 1378 eundem
1092 1336 1215 1381 finem

106 1405 303 1457 tendant,
341 1418 604 1449 communem
645 1405 822 1451 civitatis
868 1409 1101 1469 civiumque
1142 1430 1217 1458 sa-

106 1483 247 1526 lutem.

163 1559 310 1615 Neque
351 1559 503 1604 mirum
546 1560 669 1604 nobis
707 1561 838 1605 videri
871 1572 1034 1622 potest,
1066 1567 1220 1613 Mon-

105 1635 418 1680 teseuvium
449 1636 503 1680 ad
528 1636 574 1680 id
603 1637 863 1683 efficiendum
893 1655 982 1685 eam
1011 1642 1219 1703 imprimis

105 1711 316 1769 regiminis
352 1713 559 1766 formam,
610 1713 700 1758 illas
735 1714 974 1774 imperandi
1011 1720 1122 1779 leges
1161 1724 1219 1768 ob

107 1788 254 1832 oculos
290 1787 370 1832 sibi
398 1789 620 1843 habuisse,
652 1791 804 1847 quibus
831 1794 885 1837 ab
915 1795 1220 1854 antiquioribus

105 1864 205 1908 inde
233 1865 495 1924 temporibus
530 1866 584 1909 ad
626 1866 739 1911 hunc
783 1884 915 1927 usque
954 1872 1084 1927 diem,
1133 1877 1220 1921 fere

105 1941 278 1999 integris
301 1943 456 1995 utitur,
488 1943 693 1988 Franciae
722 1946 882 2002 vicina,
911 1949 1087 2008 Anglia‚
1113 1969 1220 2010 quae

105 2025 308 2075 tanquam
342 2020 572 2063 Palladium
612 2021 816 2067 libertatis
851 2040 875 2068 a
911 2027 1105 2084 plurimis
1138 2030 1219 2074 ha-

108 2093 260 2138 bentur
290 2101 330 2138 et
359 2095 593 2141 laudantur.

167 2171 287 2228 Quae
307 2170 504 2232 deinceps
530 2173 806 2232 plurimorum
822 2175 1087 2238 Scriptorum
1111 2184 1221 2228 doc-

110 2247 242 2294 trinae
282 2247 335 2293 de
379 2248 555 2295 civitatis
599 2258 640 2296 et
684 2251 849 2312 imperii
891 2256 1020 2304 civilis
1059 2260 1221 2320 origine

1154 2345 1223 2382 at·-
