1487 2850
242 198 291 248 χρ
465 189 1129 237 COMMENTATIO

242 292 334 345 p‘ius
355 296 586 338 immiscuere
606 300 848 349 Imperatores
870 301 1143 342 blandimenta:
1171 303 1221 342 fic
1247 301 1351 342 Otho

244 376 312 404 eos
337 367 485 405 vocavit
511 368 634 406 Italiae
659 371 833 421 ‚alumnos
870 381 907 409 et
945 372 1151 411 Romanam
1179 384 1266 412 vere
1295 374 1355 412 iu·

243 444 435 473 ventutem
460 437 543 485 (1).
571 437 672 476 Bene
693 439 902 477 Montes
918 442 1066 495 quivi
1083 454 1160 481 us:
1191 470 1217 492 „
1238 443 1356 481 Prou-

247 531 275 554 „
299 504 328 542 ti
357 506 570 553 magnitudo
595 508 818 556 reipublicae
840 518 943 548 antea
968 518 1144 549 nocuerat
1170 508 1357 560 regiminis

250 601 277 624 „
301 573 466 623 formae,
496 576 542 614 sic
570 588 723 626 quoque
754 589 853 616 nunc
879 579 1024 627 imperii
1045 580 1249 628 amplitudo
1273 569 1359 628 per·

249 669 276 692 ,‚
301 645 443 684 niciosa
478 645 551 684 fuit
580 646 847 696 Imperatorum
878 648 988 687 vitae.
1043 648 1082 686 Si
1113 650 1358 699 Imperatores

246 741 276 764 ‚‚
302 715 524 754 mediocrem
572 716 760 765 regionem
806 717 1068 756 defendendam
1119 718 1360 767 habuissent,

251 810 277 833 ‚‚
302 795 379 822 uno
415 793 557 823 tantum
582 785 629 823 iis
658 798 756 834 opus
782 785 912 824 suisset
937 788 1101 826 exercitu
1133 771 1361 837 praecipuo,

249 879 277 903 ‚,
301 865 438 902 quem,
477 853 504 892 fi
537 853 636 902 ipsos
665 853 774 893 semel
807 855 998 905 elegisset,
1035 856 1126 895 facti
1151 867 1228 895 non
1255 856 1363 896 facile

250 950 277 973 „
303 923 547 972 poenituisset
571 924 599 941 ”
626 925 712 973 (2).

299 993 467 1042 Populus
491 993 684 1031 Romanus
711 1002 815 1032 antea
845 993 985 1043 semper
1017 994 1252 1043 magistratus
1273 994 1361 1033 suos

245 1062 419 1110 creabat,
444 1074 564 1111 eoque
589 1062 803 1112 dignitatem
829 1064 1047 1102 ostendebat
1069 1063 1243 1102 summam
1269 1065 1359 1113 (3)=

247 1143 348 1172 nune
369 1144 459 1171 vero
487 1133 623 1171 milites
651 1133 800 1182 omnia,
837 1146 930 1181 quae
970 1133 1147 1182 possent,
1173 1133 1238 1171 fibi
1263 1143 1367 1170 arro·

250 1211 407 1250 games,
448 1202 622 1240 summam
669 1214 790 1241 rerum
829 1204 874 1241 ad
909 1204 1171 1252 Imperatorem
1208 1202 1365 1241 deferre-

249 1271 356 1310 bant.
411 1269 582 1319 Etenim,
621 1283 736 1319 quum
771 1272 829 1311 vis
864 1273 1031 1311 militaris
1060 1285 1126 1322 per
1151 1281 1272 1311 totum
1297 1272 1366 1310 im-

250 1343 396 1392 perium
423 1342 630 1380 Romanum
654 1341 920 1389 invalesceret,
947 1352 1060 1390 atque
1083 1343 1285 1390 Imperator
1306 1353 1363 1380 es·

250 1411 305 1450 set
337 1410 574 1461 magistratus
611 1410 808 1458 militaris,
857 1422 934 1449 non
970 1412 1133 1459 mirum,
1170 1412 1195 1450 fi
1231 1413 1365 1450 milites

252 1474 409 1530 qnoque
441 1482 616 1529 eligerent
653 1482 783 1519 ducem
819 1481 922 1519 suum
956 1481 1188 1530 principem,
1230 1482 1294 1529 qui
1321 1482 1368 1521 fi-

253 1553 333 1590 mul
367 1551 406 1589 in
436 1551 547 1589 rebus
580 1550 755 1589 civilibus
783 1550 947 1589 summus
980 1552 1097 1590 esset:
1127 1563 1202 1590 non
1236 1552 1369 1590 mirum

252 1620 454 1671 profecto,
506 1619 533 1659 fi
568 1620 820 1668 Praetoriani‚
863 1629 904 1659 ut
941 1622 979 1660 vi
1014 1631 1050 1659 et
1090 1621 1301 1660 efficacitate
1331 1622 1370 1660 in

254 1690 448 1738 imperium
482 1690 693 1737 pollerent,
731 1691 872 1739 gladios
902 1703 1019 1740 suos,
1049 1692 1104 1730 uti
1128 1691 1216 1731 olim
1242 1693 1373 1732 Gallo·

256 1771 339 1798 rum
365 1760 544 1809 regulus,
572 1760 610 1798 in
639 1760 769 1798 libram
794 1761 1008 1810 adjicerent.

1227 1834 1268 1882 §-
1295 1833 1369 1874 Ν.

295 1929 351 1965 (ι)
371 1927 443 1958 Vid.
464 1927 552 1956 Tac.
576 1928 664 1955 Hm.
687 1927 709 1956 1.
731 1927 757 1956 1.
780 1935 808 1955 c.
832 1930 880 1963 84.

296 1987 352 2025 (α)
370 1987 404 2014 In
422 1991 535 2020 operet
566 1984 804 2020 Confide‘rasions
825 1985 884 2018 sur
905 1985 947 2011 les
967 1984 1070 2018 causes
1089 1984 1124 2012 de
1146 1986 1179 2013 la
1209 1985 1369 2022 grandem

259 2045 309 2073 des
340 2029 486 2071 Romaim·
513 2047 545 2069 et
574 2041 608 2070 (le
638 2042 708 2069 lom·
735 2040 910 2069 decadence.
941 2040 1018 2076 Cap.
1041 2047 1084 2075 ις.
1105 2048 1160 2076 pag
1189 2049 1274 2071 meae
1290 2040 1376 2073 Edit.

247 2105 332 2138 r167.

301 2157 356 2195 (3)
377 2157 429 2185 Cf.
460 2155 539 2184 Cic·
567 2154 602 2182 dc
635 2154 728 2190 Legg.
752 2155 774 2182 1.
799 2153 856 2181 111.
888 2161 917 2182 c.
941 2160 970 2186 3.
991 2167 1029 2175 -
1050 2153 1196 2183 Livius
1213 2155 1253 2190 (l.
1271 2154 1317 2190 Ι.)
1337 2161 1369 2183 et

261 2200 427 2247 Dionys.
451 2211 575 2240 Halic.
599 2211 640 2247 (1.
658 2211 712 2247 ΙΙ.)
735 2210 764 2237 in
781 2218 819 2238 eo
836 2210 902 2244 ipso
920 2210 1029 2245 popuii
1050 2211 1178 2239 Romani
1195 2211 1370 2245 dignitatem

262 2279 350 2307 uque
370 2269 576 2300 auctoritatem
597 2259 856 2303 animadvertunt,
878 2267 959 2302 quod
977 2268 1074 2302 Reges
1094 2267 1164 2296 {uos
1182 2266 1344 2297 creaverit.
