1487 2850
330 261 377 302 52
545 248 1207 291 COMMENTATIO

720 377 757 415 b.
811 376 1028 415 Marinum.

375 490 492 541 Quod
523 491 651 530 horam
685 489 1001 530 Grenovicensem
1024 491 1130 541 prius
1154 492 1433 541 quaesivimus,

324 571 435 608 quam
469 560 642 599 marinam
669 562 975 609 exploraremus,
1007 562 1079 600 hoc
1112 570 1168 600 est
1200 574 1308 610 eam,
1335 573 1432 609 quae

321 639 516 669 nautarum
539 630 740 668 meridiano
772 632 972 679 convenit,
1002 631 1038 670 id
1065 642 1260 680 propterea
1288 631 1429 670 factum

321 709 406 747 est,
450 709 520 747 ut,
557 700 710 748 cognito
738 708 906 748 tempore
942 701 1013 739 sub
1049 701 1169 750 primo
1205 701 1431 747 meridiano,

321 769 384 806 cui
420 769 566 807 tabulae
607 777 645 807 et
689 769 943 818 ephemerides
982 770 1173 820 adaptatae
1205 771 1312 818 sint,
1360 770 1434 807 ele-

321 847 472 886 menta,
524 850 619 886 quae
644 839 682 876 in
717 840 900 878 calculum
934 841 1049 879 horae
1082 841 1187 880 navis
1225 839 1432 890 ingredian-

322 915 413 955 tur,
440 918 608 946 accurate
640 918 857 957 computare
889 921 1102 958 possemus.

371 977 576 1026 Quomodo
610 987 646 1016 et
682 988 778 1017 terra
806 987 845 1017 et
882 980 973 1017 mari
1010 987 1159 1028 tempus
1201 977 1434 1018 determinari

319 1047 471 1096 possit,
498 1048 604 1096 piget
634 1049 760 1087 multis
791 1049 1002 1097 explicare:
1030 1050 1103 1087 hoc
1131 1050 1245 1096 loco,
1271 1059 1344 1097 qua
1378 1058 1436 1086 ra-

319 1116 426 1155 tione
460 1118 498 1155 in
527 1127 700 1156 nostrum
734 1129 843 1156 usum
876 1119 1176 1158 commodissime
1205 1118 1300 1156 illud
1332 1116 1439 1155 inve-

320 1187 471 1234 niatur,
508 1188 674 1235 eloquar.
731 1187 830 1226 Solis
864 1189 1037 1226 stellaeve
1059 1187 1289 1226 altitudinem
1324 1194 1436 1224 nauta

317 1258 394 1307 Jam
417 1268 589 1295 emensus
612 1265 692 1306 est3
724 1257 831 1296 novit
849 1257 1079 1296 altitudinem
1094 1257 1194 1306 poli3
1223 1256 1437 1295 declinatio-

319 1337 405 1366 nem
421 1356 436 1375 ,
463 1328 741 1366 adscensionem
754 1328 899 1376 aliaque
913 1327 1165 1376 ephemerides
1180 1325 1434 1375 suppeditant.

370 1398 628 1447 Latitudinis‚
665 1398 873 1436 altitudinis
908 1405 944 1435 et
968 1396 1226 1435 declinationis
1271 1397 1438 1444 comple·

318 1476 446 1506 menta
494 1469 682 1516 trigonum
728 1468 766 1505 in
811 1468 968 1516 sphaera
1012 1466 1278 1513 constituunt,
1327 1466 1435 1514 eujus

317 1537 445 1586 anguli
491 1538 538 1576 ad
579 1538 818 1576 meridianum
873 1537 1133 1582 azimuthalis‚
1186 1545 1222 1571 et
1266 1533 1435 1572 horarius

320 1614 426 1646 sunt.
472 1607 547 1645 Hic
574 1616 667 1654 quot
693 1607 867 1655 gradibus
900 1606 1005 1644 sidus
1043 1605 1282 1643 observatum
1313 1616 1333 1643 a
1363 1616 1439 1643 me-

320 1676 415 1716 ridie
445 1676 584 1722 distet,
612 1676 761 1715 indicat.
803 1677 892 1715 Pars
923 1683 1045 1714 autem
1076 1682 1171 1723 15ῐῃὶι
1203 1675 1264 1713 dat
1296 1675 1437 1724 horas,

324 1747 463 1795 quibus
498 1747 633 1795 elapsis
660 1755 800 1784 astrum
835 1746 927 1783 illud
956 1745 1243 1784 culminatururn
1278 1754 1362 1795 est3
1404 1744 1439 1784 si

321 1815 395 1856 fixa
427 1817 624 1854 observata
648 1814 790 1862 fuerit,
817 1815 1018 1862 siderales,
1045 1815 1079 1852 si
1101 1816 1187 1861 sol,
1213 1825 1318 1852 veras
1341 1814 1442 1853 sola-

321 1897 408 1932 res,
450 1885 484 1923 si
523 1887 640 1933 luna,
689 1886 864 1932 lunares,
904 1883 938 1922 si
982 1884 1156 1932 planeta,
1210 1885 1435 1932 planetares.

319 1955 420 1994 Dein
450 1956 721 2002 quodcumque
743 1964 891 2003 tempus
922 1965 1151 2003 cognoscere
1173 1954 1361 2002 volueris,
1384 1954 1440 1993 fa-

320 2024 383 2062 cili
419 2025 573 2072 negotio
610 2025 704 2062 illud
728 2036 776 2063 ex
810 2025 1008 2063 observato
1044 2024 1298 2073 computabis.
1363 2023 1439 2062 Sed

323 2093 433 2131 unice
465 2093 525 2130 hic
561 2105 658 2141 opus
694 2102 752 2132 est
783 2102 951 2142 tempore
977 2106 1095 2141 vero,
1125 2093 1211 2141 quia
1233 2093 1272 2130 in
1298 2092 1438 2131 distan-

323 2161 385 2199 tiis
410 2160 613 2199 indicandis
645 2162 710 2199 illo
747 2162 953 2210 ephemeris
986 2163 1120 2201 utitur.
1171 2163 1325 2201 Factum
1362 2162 1436 2202 hoe

325 2238 382 2269 est
411 2230 448 2268 in
475 2231 732 2279 navigatorum
768 2231 1032 2280 commodum,
1061 2232 1128 2280 qui
1154 2231 1355 2281 praecipue
1376 2243 1441 2271 so-

324 2301 395 2340 lem
412 2328 426 2348 ,
482 2311 604 2350 neque
636 2300 797 2342 fortasse
835 2301 1050 2351 immeritO,
1093 2302 1140 2342 ad
1166 2309 1315 2353 tempus
1347 2299 1440 2339 defi-

1332 2379 1441 2409 menn*
