1487 2850
395 226 906 292 Lirenartffl.
1166 255 1211 292 αἱ

105 385 130 406 ,,
154 365 231 396 arte
249 358 438 406 equitandi
460 360 638 408 pollent”
653 359 736 409 (1).
765 361 816 400 Et
838 354 988 400 locus'S
1003 371 1027 399 u
1042 363 1088 399 et
1104 370 1159 397 on
1175 360 1212 398 ii

98 428 177 467 hue
205 426 367 477 spectare
387 429 559 478 videtur,
584 430 650 468 ubi
674 431 767 470 dixit
794 432 880 479 (2):
918 459 941 479 ,.,
970 429 1089 468 Galba
1117 428 1214 467 Ger?

101 524 128 545 „
153 503 345 536 manorum
376 499 594 547 cohortem,
631 512 651 537 a
679 499 896 538 Caesaribus
931 500 1020 537 olim
1046 499 1092 538 ad
1126 504 1214 537 cus-v

101 593 126 614 „
153 566 290 605 todiam
326 569 496 617 corporis
538 568 772 615 institutam,
823 569 1030 616 multisque
1070 567 1215 616 expeti-¹

99 663 126 685 „
152 637 285 675 mentis
319 638 590 685 fidfflisfimam,
619 637 818 683 dissolvit,
846 649 887 675 ac
913 637 989 676 fine
1012 637 1213 674 commodo

99 733 126 755 ,‚
152 707 231 745 ullo
257 707 394 746 remisit
426 707 464 745 in
490 708 661 758 patriam.
679 708 703 724 '’
757 707 915 746 Tacitus
947 716 1126 745 memorat
1153 719 1216 744 ro·

95 777 187 816 bora
223 777 524 826 Germanorum,
570 777 637 826 qui
677 787 757 815 tum
790 777 966 816 custodes
1008 778 1214 825 Imperato-

95 847 315 887 riraderant
360 848 460 897 (3);
511 848 620 898 cujus
660 847 774 886 verba
830 848 966 885 docent
1016 846 1213 885 Tiberium

95 916 221 955 rursus
258 917 468 955 Germanos
507 918 682 961 custodes
728 917 936 966 recepisse,
990 927 1089 964 quos
1134 917 1213 954 Au-

100 994 234 1033 gustus
282 995 373 1035 post
435 987 572 1024 cladem
631 986 824 1025 Varianam
884 986 1068 1024 dimiserat
1127 984 1212 1034 (4).

97 1055 200 1094 Hinc
235 1056 326 1094 mihi
365 1057 451 1095 satis
486 1068 660 1106 apparere
696 1057 871 1103 videtur,
906 1056 1068 1095 Batavos
1108 1055 1217 1103 equi-

93 1133 151 1163 tes
187 1125 235 1162 ad
273 1126 469 1165 Caesarum
506 1126 677 1175 corporis
714 1127 922 1164 custodiam
975 1124 1213 1174 pertinuisse.

92 1195 286 1234 Numerus
321 1196 651 1234 tumxssatavorum
683 1205 763 1233 tum
791 1197 1047 1236 Evocatorum
1074 1206 1131 1233 est
1159 1194 1217 1233 in·

91 1272 244 1304 certus:
283 1263 360 1312 ipse
390 1265 489 1304 Dio
526 1264 560 1303 se
600 1264 739 1303 nescire
776 1264 913 1304 fatetur
946 1266 1031 1315 (5).
1100 1265 1214 1314 Lip-

91 1334 213 1373 sius
263 1335 417 1385 conjicit
462 1343 504 1373 ut
547 1335 739 1374 minimum
784 1337 885 1374 mille
933 1336 1125 1385 Equites,
1177 1347 1216 1376 et

91 1405 347 1443 Evocatorurn
373 1405 480 1444 etiam
505 1406 708 1445 milliariam
731 1408 928 1446 cohortem
954 1407 1084 1446 fuisse.
1136 1407 1213 1447 Sti-

91 1475 269 1524 pendium
299 1477 439 1524 duplex
476 1478 585 1526 eJ'us,
624 1477 729 1526 quod
758 1477 894 1516 ceteris
929 1477 1085 1517 dabatur
1115 1476 1213 1515 mili-

88 1544 222 1594 tibus,
268 1546 501 1595 pendebatur
535 1547 780 1586 Praetorianis
821 1547 913 1598 (6).
982 1548 1212 1598 Exemplum

1142 1618 1216 1656 hoc

128 1755 181 1795 (1)
202 1758 368 1795 Lipsius
392 1759 565 1795 superiores
601 1760 730 1789 Batavos
764 1757 926 1794 intelligit,
965 1755 1018 1793 qui
1055 1754 1210 1786 Geldriam

90 1814 239 1851 imprimis
259 1816 452 1845 incolebantz
483 1836 506 1853 ‚‚
528 1824 595 1845 nam
620 1815 735 1852 inferi,
763 1815 883 1851 inquit,
912 1821 943 1843 et
961 1812 1007 1850 {ad
1032 1820 1133 1849 mare,
1152 1820 1210 1841 nec

89 1892 113 1909 „
132 1872 207 1909 ipfi,
226 1880 284 1902 nec
303 1873 389 1908 regio
407 1881 513 1902 eorum
532 1873 618 1909 equis
637 1873 706 1902 satis
725 1872 797 1901 facti
815 1879 865 1900 aut
888 1868 991 1907 apti.’'
1032 1869 1207 1898 Tacitus

87 1936 164 1957 vero
187 1929 272 1960 mse.
297 1931 320 1958 1.
347 1931 402 1959 IV.
430 1937 459 1959 c.
494 1938 540 1959 ια.
566 1930 667 1958 laudat
692 1930 838 1958 Batavum
865 1928 1019 1956 delectum
1048 1925 1207 1972 equitem,

86 1985 252 2023 praecipuo
276 1987 365 2015 nandi
382 1987 498 2022 studio,
517 1994 595 2015 arma
614 1994 772 2022 equosque
795 1984 997 2020 retinentem„
1018 1981 1205 2018 integrisque

87 2044 235 2073 edoctum
250 2043 356 2072 turmis
375 2044 517 2072 Rhenum
536 2051 749 2080 perrumpere.

124 2100 183 2137 (2)
204 2100 241 2129 In
264 2101 378 2130 Galba.
404 2109 434 2130 c.
458 2110 506 2131 12.

125 2156 180 2192 (3)
199 2149 286 2186 Amo.
307 2158 330 2186 1.
350 2158 374 2186 Ι.
394 2165 414 2186 c
442 2166 492 2194 24.

126 2212 183 2251 (4)
201 2215 272 2246 vid.
289 2215 367 2244 Sue
379 2221 401 2245 t.
417 2216 452 2243 in
465 2215 551 2251 Aug.
573 2222 602 2244 c.
620 2224 669 2252 49.

129 2271 183 2308 (s)
203 2271 241 2300 L.
261 2271 330 2302 LV.
350 2280 378 2302 c.
398 2280 449 2308 24.

124 2328 182 2366 (6)
200 2328 291 2359 Dio.
320 2330 342 2359 ι.
363 2329 431 2359 Lm
459 2337 488 2360 c.
506 2337 551 2361 11.
965 2333 970 2336 '
1016 2332 1092 2365 *2:52
