1487 2850
271 197 328 244 26
631 194 1016 241 ORATIO.

271 353 554 404 munimentis,
593 351 871 395 firmissimum
900 350 1161 396 cohibendae
1180 356 1230 396 'et
1254 353 1378 396 fran-

273 431 430 489 gendae
460 428 755 487 Imperantium
781 435 825 471 :et
855 428 1167 486 magistratuum
1192 428 1377 473 lihidinis

273 506 629 565 propugnaculum
669 504 839 562 ponitur
880 504 922 547 in
964 504 1112 548 civium
1151 505 1376 557 libertate,

275 599 382 641 quae
413 583 591 627 sentiant
621 581 812 634 dicendi,
846 581 932 626 sine
967 582 1117 639 injuria
1156 589 1309 627 tamen
1338 589 1380 627 et

276 659 581 717 tranquillitatis
613 659 806 718 publicae
835 659 1068 704 turbandae
1099 660 1288 704 consilio.

272 764 274 766 v
334 738 488 783 Utrum
529 750 627 781 vero
656 736 804 780 merito
833 737 1022 781 laudetur
1046 736 1116 780 illa
1139 735 1305 795 imperii
1331 751 1382 780 ex

280 815 498 860 constituta
511 815 598 871 lege
612 814 839 872 descriptio
853 846 865 867 ‚
893 829 947 857 an
968 829 1066 859 vero
1080 814 1213 873 magis
1227 828 1385 873 repro-

281 882 419 937 banda
435 892 506 944 sit,
529 891 720 947 equidem
746 906 832 935 non
858 892 1017 945 dicam,
1041 892 1382 949 quandoquidem

281 968 480 1014 orationis
495 976 778 1026 argumentum
793 969 960 1028 politice
972 968 1152 1013 tractare
1166 968 1386 1014 noluerim.

340 1047 578 1091 Referenda
611 1043 748 1092 autem
778 1047 870 1091 ‘huc
897 1055 992 1091 sunt
1019 1062 1151 1104 quae,
1181 1044 1389 1091 'forationis

284 1123 427 1177 initio,
457 1123 508 1167 de
533 1124 692 1183 optima
721 1124 884 1184 imperii
909 1126 1043 1169 forma
1067 1124 1214 1183 paucis
1246 1124 1342 1167 dixi.

339 1202 414 1246 Uti
441 1201 629 1246 homines
656 1202 739 1260 ipsi
767 1210 863 1246 sunt
892 1203 1140 1261 inperfecti,
1169 1203 1228 1246 ita
1250 1216 1392 1246 eorum

291 1278 485 1337 operibus
511 1279 621 1323 idem
648 1280 791 1324 vitium
824 1280 1026 1325 inhaeret.
1072 1280 1197 1338 Quod
1227 1279 1396 1339 proavis

292 1355 444 1399 nostris
482 1356 665 1414 profuit,
721 1358 917 1414 quodque
968 1373 1045 1401 nos
1089 1358 1320 1417 probamus
1359 1365 1399 1401 et

294 1447 456 1477 summo
483 1433 620 1477 studio
648 1442 881 1489 sectamur,
916 1435 960 1478 id
988 1436 1154 1480 mutatis
1190 1435 1402 1489 moribus,

295 1517 449 1554 mutata
478 1510 748 1570 Reipublicae
783 1513 1045 1567 conditione,
1074 1513 1225 1557 merito
1254 1512 1405 1572 displi-

300 1587 409 1632 cebit
430 1589 623 1647 posteris,

359 1665 528 1723 Imperii
567 1666 747 1711 formam
789 1666 1029 1710 describens
1083 1667 1148 1710 lex
1193 1679 1278 1709 non
1331 1663 1411 1709 nisi

305 1741 460 1799 scripta
501 1750 561 1785 est
608 1743 810 1797 formula,
875 1758 980 1800 quae
1026 1758 1078 1787 ne
1124 1757 1228 1787 vana
1272 1742 1326 1785 sit
1373 1748 1413 1785 et

308 1818 488 1871 inutilis,
514 1820 601 1863 sola
631 1820 779 1864 civium
812 1820 987 1872 virtute,
1035 1833 1134 1863 vero
1160 1818 1204 1861 in
1235 1817 1414 1876 patriam

313 1909 451 1938 amore
491 1902 530 1938 et
574 1897 804 1941 arctissima
844 1897 1081 1956 Principem
1124 1897 1234 1939 inter
1264 1902 1303 1939 et
1333 1908 1419 1954 po-

312 1971 456 2029 pulum
485 1974 788 2018 necessitudine
817 1973 924 2018 effici
952 1981 1104 2032 potest.
1167 1997 1169 2009 ι

372 2048 438 2091 Ac
459 2050 625 2094 tandem
652 2066 818 2110 semper
846 2051 1134 2109 cogitandum,
1160 2049 1311 2093 nullam
1327 2080 1340 2101 ‚
1369 2062 1422 2092 ne

319 2138 344 2166 a
371 2124 668 2182 perfectissima
687 2128 852 2185 quidem
871 2161 882 2182 ‚
905 2128 958 2172 ab
986 2127 1225 2171 hominibus
1256 2125 1425 2170 condita

320 2200 409 2257 lege
439 2203 599 2259 sperari
634 2219 758 2262 posse
796 2205 1039 2258 utilitatem,
1078 2204 1158 2248 nisi
1203 2218 1343 2248 mores
1369 2203 1427 2247 illi

300 2277 454 2321 robur
487 2278 640 2324 addant
667 2289 704 2325 et
731 2282 967 2326 firmissimo
993 2281 1075 2327 sint
1105 2280 1332 2340 praesidio.

766 2377 994 2390 dauri—n—
