1487 2850
265 224 312 252 ιο
481 213 1144 255 COMMENTATIO

261 348 293 368 „
319 321 500 358 Praetoria
513 348 526 368 ,
543 321 665 369 inquit
679 349 692 367 ,
713 322 850 359 cohors
873 332 930 360 est
951 323 1073 371 dicta,
1101 327 1204 372 quod
1224 326 1362 365 aPrae·

260 417 291 437 ,‚
318 397 398 427 tore
430 389 497 437 (1)
522 400 598 426 non
622 389 846 429 discedebat.
874 390 1001 438 Scipio
1031 393 1126 431 enim
1157 395 1358 434 Africanus

260 485 294 506 „
319 459 460 506 primus
473 456 714 496 fortisfimurn
738 470 924 507 quemque
942 460 1099 509 delegit,
1115 463 1179 510 qui
1192 463 1236 501 ab
1253 476 1297 502 eo
1321 464 1361 502 in

256 555 289 576 ‚,
315 527 413 566 bello
436 538 513 567 non
545 528 773 567 discederent
791 557 804 576 ,
831 538 867 567 et
888 537 1011 568 cetero
1035 541 1185 570 munere
1213 532 1362 571 militiae

255 626 288 645 „
316 607 510 646 vacarent,
536 607 573 636 et
594 598 804 647 sesquiplex
839 597 1057 647 stipendium
1097 600 1317 648 acciperent.
1331 600 1358 618 '’

253 667 497 716 Intelligimus
529 667 614 706 inde
639 669 761 706 locum
798 668 896 706 hunc
928 669 966 706 in
1001 681 1040 707 re
1064 669 1211 708 militari
1234 670 1361 719 impri-

252 736 324 775 mis
349 736 462 775 fuisse
487 737 722 777 honoratum.
775 738 925 776 Scilicet
953 738 991 777 in
1021 739 1137 788 prima
1161 739 1238 778 acie
1262 751 1359 788 pug-

252 806 388 845 nabant
419 807 588 854 hastati,
639 807 684 845 ab
717 808 832 846 hastis
850 836 864 855 ,
898 808 1037 856 quibus
1068 819 1170 847 erant
1201 810 1356 858 armati,

250 875 301 914 fic
324 876 439 924 dicti;
479 877 608 915 deinde
628 879 847 928 principes,
884 878 949 925 qui
975 879 1083 916 medii
1111 878 1249 917 stabant
1277 879 1361 917 has-

251 955 350 984 tatos
377 946 473 983 inter
500 954 536 983 et
561 946 737 993 triari053
767 955 803 983 et
828 946 973 983 tandem
1006 949 1170 994 triarii,
1197 948 1247 985 ita
1270 947 1361 986 dicti

252 1016 355 1064 quod
388 1015 427 1053 in
448 1015 558 1053 tertio
593 1014 722 1053 ordine
748 1014 907 1062 stabant,
937 1014 1072 1053 milites
1095 1016 1259 1054 veterani
1283 1015 1363 1054 for-

249 1085 410 1124 titudine
432 1083 616 1133 insignes,
644 1084 710 1132 qui
736 1092 814 1122 tum
840 1085 984 1122 demum
1011 1095 1173 1133 pugnam
1192 1084 1361 1134 inibant,

248 1156 277 1195 fi
300 1156 434 1193 hastati
461 1164 497 1192 et
519 1153 705 1204 principes
741 1154 863 1192 minus
899 1165 1075 1202 prospere
1107 1154 1359 1203 pugnassent,

249 1225 350 1264 unde
377 1224 640 1274 proverbium:
676 1235 734 1262 res
764 1222 817 1261 ad
851 1224 1007 1262 triarios
1044 1225 1158 1262 venit.
1212 1223 1357 1262 Milites

248 1303 372 1333 autem
400 1293 622 1333 Praetoriaui
651 1293 689 1331 in
725 1293 841 1331 media
879 1292 1059 1330 exercitus
1097 1301 1200 1340 parte
1235 1304 1356 1342 prope

247 1366 378 1402 ducem
403 1363 642 1412 pugnabant:
685 1371 912 1410 quapropter
944 1361 1010 1400 nifi
1045 1361 1256 1401 fortisfimis
1286 1364 1356 1401 mi-

245 1432 377 1472 litibus
403 1432 463 1470 hic
490 1433 611 1470 honor
631 1431 912 1470 concedebatur.
964 1431 1008 1469 In
1031 1431 1076 1468 iis
1101 1431 1172 1468 flos
1201 1431 1352 1468 omnino

248 1513 286 1542 et
320 1503 451 1541 electio
478 1504 670 1548 virorum,
699 1501 764 1548 qui
788 1501 927 1539 virtute
950 1512 1016 1538 sua
1047 1500 1242 1547 aliquando
1268 1512 1363 1539 rem-

188 1573 192 1576 ’
245 1573 355 1622 publ.
383 1582 419 1610 et
442 1579 767 1620 propugnaverant
804 1579 840 1607 et
875 1579 1065 1607 auxerant.

297 1641 437 1680 Liberti
464 1641 610 1689 republ.
638 1639 772 1688 singuli
806 1640 920 1677 duces
958 1639 1114 1687 lingulas
1148 1640 1358 1680 habuerunt

246 1713 432 1755 cohortes¹
452 1710 682 1757 Praetorias,
709 1709 765 1747 uti
792 1717 895 1757 patet
918 1721 962 1746 ex
983 1709 1123 1757 praelio
1156 1710 1357 1750 Mutinensi

248 1791 284 1820 et
309 1794 353 1820 ex
375 1779 642 1819 Sallustio
669 1778 761 1827 (εὶς
793 1805 824 1825 „
851 1779 1041 1827 Petrejus,
1068 1779 1133 1816 ubi
1157 1779 1257 1817 videt
1276 1781 1353 1819 Ca·

248 1880 280 1900 ,‚
306 1852 446 1890 tilinam
472 1858 601 1888 contra
619 1877 631 1896 ,
658 1861 698 1887 ac
731 1856 831 1885 ratus
868 1857 972 1895 erat,
1000 1859 1128 1896 magna
1158 1849 1195 1886 vi
1227 1850 1355 1887 tende·

247 1949 282 1971 „
307 1933 373 1970 re,
411 1921 603 1959 cohortem
638 1917 859 1958 Praetoriam
891 1917 929 1955 in
968 1917 1109 1956 medios
1140 1917 1262 1956 hostis
1295 1917 1352 1955 in-

1226 2015 1258 2035 „
1285 1989 1354 2026 du-

282 2091 335 2129 (ι)
358 2093 427 2123 Scil.
449 2091 602 2119 Praetores
624 2084 715 2116 'initio
743 2095 844 2122 erant,
867 2088 918 2122 qui
943 2096 1047 2122 postea
1071 2087 1238 2120 Consules,
1261 2088 1344 2123 iique

244 2151 323 2178 bella
352 2146 609 2176 administrabant:
648 2152 739 2181 quare
771 2145 855 2175 ducis
889 2145 1112 2174 tabernaculum
1148 2148 1342 2176 Praetorium

246 2213 366 2243 quoque
395 2204 549 2232 dicebami-

283 2263 338 2300 (ς.)
361 2260 493 2290 Catilz'n.
512 2267 539 2288 c.
562 2262 612 2290 60.
