1487 2850
401 192 909 233 LITERARIA.
1168 207 1216 245 ις

118 301 412 354 septemtriones.
464 301 548 340 Hos
577 301 755 340 terminos
789 299 951 350 proferri
984 301 1109 341 noluit
1141 302 1223 342 Au-

118 382 281 424 gustus,
324 372 387 411 sed
419 380 561 417 tantum
592 381 705 410 terras
737 370 1042 412 hascesubactas
1077 358 1225 411 conser-

116 454 202 493 {are
235 442 464 490 summopere
493 441 645 480 studuit.
696 442 780 481 Illas
807 451 930 486 autem
956 442 1127 492 regiones
1162 453 1227 481 na·

116 519 219 549 turae
253 510 435 549 limitibus
474 521 637 559 magnam
664 520 806 559 partem
843 512 981 550 clausas
1000 540 1015 560 ‚
1062 521 1227 551 ceterum

117 580 299 619 militibus
330 592 371 618 ac
404 580 626 619 custodibus
667 581 862 629 Augustus
899 580 1072 620 munivit.
1135 582 1229 621 Erat

116 650 215 689 enim
250 650 505 689 Romanorum
542 660 623 688 mos
657 650 800 699 duplici
825 651 888 689 via
911 651 1124 699 provincias
1146 662 1229 689 mu-

119 720 227 767 nire,
251 722 371 770 copiis‘
388 729 424 758 et
448 721 608 758 coloniis.
662 721 720 759 De
759 719 920 758 coloniis
958 721 1021 758 hie
1057 731 1138 759 non
1171 727 1230 758 est

117 789 262 826 dicendi
304 791 439 836 locus,
491 787 550 826 sed
595 789 640 826 de
688 788 809 837 copiis
853 789 1016 827 breviter
1062 788 1231 828 monebi-

117 868 217 896 mus.
291 857 434 906 Copiae
451 885 465 905 ‚
512 869 607 905 quae
655 858 847 907 perpetuis
897 857 1116 897 constabant
1163 857 1234 898 mi·

117 925 281 973 litibus,
332 926 497 974 triplices
536 936 662 965 erant:
713 929 986 977 provinciales,
1037 929 1230 976 urbanae,

117 995 301 1042 clasficac.
353 995 498 1044 Copiae
526 995 772 1044 provinciales
797 997 1055 1045 intelligendae
1074 997 1157 1036 sunt
1181 1000 1235 1036 le·

121 1063 280 1112 giones,
321 1075 426 1111 quae
466 1065 734 1115 adhibebantur
767 1065 808 1103 in
847 1067 1053 1115 provinciis
1067 1082 1090 1115 ,2
1133 1067 1232 1105 unde

115 1143 251 1171 nomen
283 1134 475 1181 copiarum
512 1135 812 1182 provincialium.
868 1136 929 1174 Sic
969 1149 1036 1185 per
1073 1136 1233 1185 fingulas

117 1188 330 1250 provincias
367 1203 533 1251 legiones
570 1204 617 1242 ad
650 1205 803 1248 tutelam
835 1205 982 1253 imperii
1021 1214 1124 1245 erant
1160 1205 1240 1244 dis-

118 1270 275 1320 positae.
336 1271 417 1310 Sub
461 1272 638 1321 Augusto
687 1274 821 1322 viginti
863 1276 1032 1325 quinque
1067 1275 1234 1326 legiones

119 1338 240 1378 fuere.
308 1341 451 1390 Copiae
497 1342 657 1381 urbanae
689 1343 808 1382 sedem
842 1345 1028 1385 habebant
1061 1347 1232 1394 Romae,

120 1409 161 1448 in
188 1410 267 1459 ipso
296 1411 416 1449 totius
440 1411 586 1460 imperii
619 1414 854 1454 meditullio:
896 1417 940 1454 ad
976 1417 1043 1454 has
1077 1416 1241 1465 pertine·

122 1480 214 1518 bant
244 1481 380 1519 milites
408 1482 634 1520 Praetoriani
658 1491 695 1521 et
718 1485 849 1534 copiae
868 1485 1021 1533 proprie
1046 1470 1097 1523 fic
1121 1485 1242 1524 dictae

123 1550 299 1589 urbanae.
351 1552 496 1600 Copiae
531 1553 731 1592 maritimae
758 1554 798 1591 in
828 1554 1007 1593 clasfibus
1035 1562 1136 1592 erant
1162 1555 1243 1593 col-

125 1619 292 1668 locatae3
332 1630 444 1668 nam,
487 1633 604 1669 quum
639 1612 738 1660 mare
769 1622 930 1661 medium
960 1634 1029 1671 per
1050 1632 1175 1676 totum
1197 1625 1242 1663 il-

125 1688 193 1733 lud
235 1687 433 1735 imperium
468 1689 560 1738 iret,
615 1698 652 1728 et
682 1701 811 1740 magna
843 1692 1024 1732 ambirent
1059 1693 1241 1742 flumina,

126 1755 260 1795 classes
275 1757 460 1795 debebant
476 1757 552 1796 esse
564 1768 764 1808 perpetuae
778 1789 792 1809 ‚
808 1773 903 1810 quae
926 1771 963 1800 et
985 1762 1122 1811 piratas
1134 1764 1241 1803 cohi-

127 1825 259 1864 berent
271 1835 307 1864 et
330 1826 460 1865 hostes
481 1829 734 1868 excluderent.
763 1830 906 1879 Fuere,
930 1831 1120 1881 Lipsio
1143 1833 1243 1883 judi-

130 1906 175 1933 ce
191 1923 205 1943 ‚
230 1894 361 1944 inipso
375 1897 465 1935 mari
481 1906 670 1947 quatuor,
698 1899 736 1937 in
750 1900 966 1939 fluminibus
982 1910 1080 1941 tres:
1110 1915 1155 1943 ex
1167 1904 1241 1944 illis

131 1964 226 2001 duae
246 1964 401 2013 majores
416 1966 549 2004 classes
569 1967 793 2007 Praetoriae
801 1969 921 2009 dictae
933 1999 946 2018 ‚
962 1983 1117 2019 quarum
1130 1974 1244 2013 altera

129 2032 174 2070 ad
196 2032 380 2072 Misenum
397 2062 411 2081 ‚
434 2036 546 2073 altera
569 2037 614 2074 ad
634 2037 850 2077 Ravennam
863 2038 1053 2080 stationem
1067 2043 1241 2084 habebat.

131 2101 258 2152 Quare
268 2102 507 2144 Praetoriae?
538 2133 563 2156 „
584 2105 962 2159 Opinor‚inquitLi
972 2112 1125 2162 psius
1142 2114 1214 2165 (ι)
1227 2143 1243 2164 ,

1160 2183 1241 2233 dig-

166 2253 223 2292 (ι)
243 2255 290 2284 De
312 2256 444 2293 maguit-
466 2257 554 2287 Rom.
585 2257 606 2286 1.
623 2258 648 2287 1.
666 2266 694 2289 c.
714 2266 744 2294 s.
770 2292 775 2297 ,
