1487 2850
303 206 356 259 34'
528 202 1209 245 COM'MENTATIO

310 345 343 366 „
371 314 543 364 imperii:
586 326 628 353 ac
665 313 730 361 qui
769 297 880 352 habet
905 321 1186 361 paupertatem,
1229 321 1337 361 quam
1363 314 1430 353 ali·

311 415 346 434 ‚‚
376 385 441 433 qui
469 385 729 430 detestantur,
767 382 907 430 insigne
940 382 1203 422 documentum
1235 384 1432 432 probitatis

315 484 346 503 9,
374 455 458 493 suae
490 461 528 491 et
558 452 883 501 magnanimitatis.
938 452 1077 500 Agite,
1111 453 1212 490 hunc
1242 455 1433 502 legamus,

314 552 346 573 ‚‚
375 533 487 571 atque
513 523 688 561 omnibus
711 521 933 560 mortalibus
962 519 1226 569 ostendamus,
1254 523 1434 571 Hispanis

317 623 349 643 ,,
377 605 447 631 nos
475 601 511 631 et
533 591 722 631 Lufitanis
751 590 887 629 rectius
915 591 1023 628 nosse
1053 592 1312 640 Imperatorem
1338 602 1438 632 crea-

316 691 351 713 „
378 675 417 700 re
433 662 459 680 ’²
486 662 571 711 (1).
597 662 728 710 Itaque
749 660 788 700 in
804 660 1004 700 Germania
1027 661 1150 699 Aulus
1163 661 1340 700 Vitellius
1364 662 1437 701 Im-

317 742 468 782 perator
492 731 668 770 salutatus
698 738 768 770 est.
822 731 938 780 Quod
963 741 1077 778 quum
1100 730 1221 770 Galba
1240 731 1437 778 audiisset,

318 803 487 842 Pisonem
513 802 678 840 nobilem
704 802 878 850 Juvenem
905 801 1096 848 adoptavit
1117 801 1441 849 successoremque

324 872 539 913 destinavit.
566 871 610 909 Id
629 880 751 908 autem
776 870 924 908 Salvius
950 864 1081 915 Otho,
1107 870 1253 908 amicus*
1267 870 1439 916 Galbae,

325 941 390 989 qui
410 950 514 977 antea
526 940 632 978 valde
649 940 681 976 ei
696 938 837 977 faverat
851 966 864 985 ,
882 939 975 975 adeo
986 949 1091 985 aegre
1105 938 1190 975 tulit
1202 965 1215 985 ‚
1229 947 1272 975 ut
1285 966 1299 985 ,
1314 939 1442 987 paucis

321 1022 367 1048 ex
388 1009 632 1048 Praetorianis
659 1008 726 1047 fibi
751 1007 957 1046 conciliatis
970 1035 983 1054 ‚
999 1008 1292 1056 conjurationem
1313 1017 1444 1047 contra

322 1079 482 1118 Galbam
507 1078 661 1117 fecerit:
686 1089 781 1126 quae
806 1088 889 1116 eum
915 1076 1046 1114 habuit
1059 1076 1225 1124 exitum,
1240 1072 1309 1124 ut',
1325 1089 1441 1126 quum

321 1149 509 1198 haruspex
538 1149 682 1188 Galbae
707 1147 908 1195 aliquando
935 1146 1155 1184 sacrificanti
1170 1146 1445 1194 dixisset‚·infi-

324 1219 401 1258 dias
422 1217 490 1268 ipsi
507 1218 596 1257 strui
610 1247 624 1265 ,
637 1218 742 1256 Otho
757 1245 770 1264 ‚
783 1217 847 1264 qui
870 1217 991 1254 aderat
1005 1245 1018 1263 ‚
1043 1216 1147 1255 causa
1171 1216 1361 1263 simulata,
1375 1215 1445 1265 sta‘-

322 1289 390 1327 tim
416 1288 549 1327 abierit
560 1317 573 1336 ‚
589 1297 626 1326 et
638 1317 650 1335 ‚
665 1297 763 1326 teste
784 1288 873 1326 Plu
888 1295 902 1324 t
914 1298 934 1324 a
947 1298 964 1323 r
975 1298 995 1324 c
1010 1286 1032 1324 h
1049 1292 1097 1334 οἱ,
1113 1287 1274 1334 primum
1288 1294 1307 1323 a
1323 1286 1445 1324 tribus

323 1368 359 1397 et
372 1359 508 1409 viginti
521 1367 663 1398 tantum
678 1357 928 1397 Praetorianis
945 1361 1122 1404 exceptus
1135 1357 1341 1404 Imperator
1351 1355 1446 1394 salu-

322 1438 422 1468 tatus
441 1429 497 1467 fit.
552 1427 697 1467 Ceteris
714 1429 788 1476 J'am
807 1424 1020 1464 adversariis
1042 1426 1184 1464 Galbae
1200 1453 1213 1472 ,
1243 1426 1366 1464 verbis
1385 1427 1447 1464 vel

323 1499 522 1548 largitione
544 1497 760 1545 corruptis,
811 1497 918 1535 Otho
958 1505 1077 1534 castra
1106 1495 1296 1545 intra-vit3—
1327 1496 1446 1534 statim

325 1567 365 1605 id
398 1567 658 1606 annuntiatum
692 1566 864 1612 Galbae,
919 1565 1011 1612 qui,
1061 1575 1151 1602 num
1184 1565 1222 1603 in
1255 1566 1448 1614 publicum

324 1638 516 1685 prodiret,
570 1636 804 1682 deliberans,
859 1634 960 1674 forte
993 1634 1038 1673 ab
1069 1635 1199 1682 aliquo
1231 1636 1449 1675 adveniente

324 1706 460 1744 certior
498 1706 636 1752 fiebat,
689 1705 924 1743 interfectum
965 1705 1043 1742 esse
1065 1705 1122 1742 -in
1159 1705 1304 1755 castris]
1328 1707 1452 1745 Otho·

326 1788 426 1816 nem.
507 1775 652 1814 Deinde
687 1775 809 1813 Galba
844 1774 998 1812 lecticae
1032 1773 1228 1822 impositus
1260 1774 1298 1812 in
1324 1774 1452 1814 forum

332 1855 391 1884 est
425 1845 602 1895 delatus,
634 1853 674 1883 ut
705 1846 851 1894 populo
874 1843 910 1882 se
948 1844 1188 1882 ostenderet:
1229 1844 1334 1883 brevi
1359 1854 1453 1893 post

331 1926 466 1964 magno
491 1923 601 1952 coetu
635 1915 780 1963 equites
812 1914 1033 1964 peditesque
1058 1916 1286 1962 apparuere,
1314 1915 1380 1963 qui
1400 1915 1454 1954 se·

337 1997 444 2035 nem,
472 1994 671 2035 postquam
708 1985 846 2036 septem
883 1985 1022 2023 menses
1064 1992 1307 2034 regnaverat,
1342 1986 1457 2024 truci-

1395 2054 1457 2093 da-

380 2189 434 2228 (1)
454 2193 557 2221 Plut.
581 2194 613 2220 in
638 2194 751 2223 Galba.
781 2201 810 2222 c.
833 2202 882 2224 22.
912 2183 1034 2230 veina,
1065 2184 1154 2230 quam
1171 2181 1315 2231 adhibui,
1333 2184 1462 2225 habetur

343 2248 374 2276 in
392 2248 465 2279 edit.
485 2247 658 2280 Reiskii.
1256 2252 1287 2254 ”
