1487 2850
390 193 903 236 LITERARIA.
1178 213 1228 251 29

122 340 127 346 ,
165 299 261 349 Cajo
287 299 460 349 Caligula
488 302 538 342 fic
564 313 743 354 mortuo,
771 306 984 356 Consules,
1010 309 1230 349 convocatis

116 368 357 415 Senatoribus
373 400 388 420 ,
416 375 574 412 multum
602 376 647 413 de
670 377 828 425 imperio
859 377 1125 418 deliberarunt.
1150 378 1231 418 Mi-

112 438 197 480 lites
246 440 393 480 interim
434 444 608 492 palatium
642 445 826 495 ingresfi,
878 447 918 486 in
959 450 1097 497 angulo
1133 458 1232 496 quo-

110 508 193 546 dam
224 509 422 550 Claudium
439 540 453 560 ,
477 522 649 561 patruum
679 516 897 565 Caligulae,
925 519 1098 557 latentem
1124 518 1235 558 vide-

111 587 230 628 runt;
258 591 340 620 narn
368 583 548 622 Claudius
573 585 822 625 tumultuatos
857 587 993 626 milites
1017 587 1155 627 timens
1187 600 1232 628 se

112 650 374 693 occultaverat.
439 653 555 692 Miles
588 657 737 702 quidam
762 656 862 695 forte
893 668 978 696 eum
1013 668 1060 697 ex
1088 659 1227 708 angulo

113 721 330 769 expellens,
381 723 536 771 agnovit
570 733 684 772 atque
727 726 994 774 Imperatorem
1038 726 1228 768 salutavit.

108 787 241 838 'Quurn
269 791 382 829 ceteri
420 793 692 833 concurrissent
722 796 885 844 milites,
923 808 1009 836 eum
1034 797 1075 836 in
1097 797 1230 837 lectica

108 858 155 896 ad
182 868 302 899 castra
327 864 621 912 transtulerunt,
647 864 714 902 ubi
740 865 837 904 inter
862 867 1121 906 Praetorianos
1144 879 1232 916 per-

110 929 293 969 noctavit.
343 931 483 970 Verum
511 943 613 972 metu
647 935 768 974 adhuc
794 936 1020 985 tenebatur,
1045 937 1134 986 quia
1160 938 1231 977 im·

112 999 284 1047 perium,
321 1013 341 1039 a
364 1002 608 1042 Praetori-anis
637 1004 787 1053 quidem
817 1005 885 1045 fibi
915 1007 1108 1055 oblatum,
1134 1007 1232 1046 acci·-

110 1078 202 1117 pere
225 1079 302 1108 non
332 1072 505 1111 audebat.
556 1075 746 1113 Praeterea
771 1076 940 1115 consules
965 1088 1049 1116 eum
1075 1089 1232 1118 monue-

112 1145 221 1186 rant,
248 1149 297 1177 ne
321 1139 516 1189 imperium
542 1143 750 1192 acciperet,
778 1153 816 1183 et
845 1154 889 1184 ut
921 1147 1079 1186 Senatus
1101 1148 1230 1197 Popu-

112 1206 217 1254 lique
251 1210 480 1249 voluntatem
507 1212 756 1262 exspectaret3
783 1215 848 1254 sed
875 1217 1021 1255 tandem
1048 1216 1089 1255 hi
1115 1228 1137 1256 a
1166 1229 1229 1256 ce-

111 1277 199 1315 teris
227 1290 383 1327 quoque
413 1281 595 1320 militibus
628 1284 747 1322 relicti
778 1285 1029 1335 principatum
1070 1288 1106 1326 ei
1137 1298 1231 1327 con·

113 1346 319 1388 cesserunt.
388 1350 568 1391 Tiberius
605 1353 788 1393 Claudius
819 1355 964 1404 primus
991 1356 1067 1396 fuit
1096 1357 1231 1398 Caesa·

110 1429 191 1456 rum
210 1446 224 1466 ‚
264 1419 331 1467 qui
359 1432 379 1459 a
412 1421 595 1461 militibus
625 1424 871 1464 Praetorianis
898 1426 1104 1476 Imperator
1134 1426 1231 1467 salu-

102 1496 203 1534 tatus
243 1497 327 1528 est:
382 1500 612 1541 quapropter
648 1492 803 1542 lingulis
839 1492 1086 1536 praetorianis
1111 1498 1230 1546 quina

101 1557 196 1596 dena
227 1557 420 1613 sestertia,
465 1569 508 1599 ut
549 1563 794 1612 donativum,
834 1565 937 1604 dedit
970 1568 1057 1616 (1).
1109 1567 1259 1607 Inter·'

109 1625 271 1666 sectores
295 1629 378 1679 Caii
408 1630 532 1670 statim
567 1632 692 1672 occidi
718 1634 855 1683 jusfit,
883 1636 972 1684 quia
1005 1637 1116 1676 valde
1150 1649 1230 1677 me-

99 1696 262 1745 suebat,
287 1709 334 1736 ne
356 1698 474 1748 ipsum
507 1713 663 1750 quoque
692 1713 868 1744 necarent
899 1706 1054 1746 milites.
1120 1709 1229 1748 Con-

97 1764 202 1804 vivia
233 1779 309 1810 non
335 1769 488 1817 adibat,
532 1771 599 1810 nili
631 1772 928 1821 speculatoribus
969 1787 1056 1816 cum
1085 1779 1226 1819 lanceis

96 1843 149 1879 :et
201 1836 382 1879 militibus
436 1838 590 1890 stipatus
631 1843 717 1892 (2).
797 1846 835 1885 A
881 1836 1023 1886 Senatu
1069 1861 1226 1899 quoque

96 1904 269 1957 petivit,
321 1916 364 1946 ut
415 1907 484 1947 fibi
528 1921 614 1950 cum
655 1912 848 1953 Praefecto
896 1915 1088 1957 Praetorio
1136 1918 1229 1958 Tri-

269 1986 271 1988 ’
1153 1988 1225 2028 bu-

149 2081 200 2118 (ι)
223 2083 333 2113 Suet.
364 2085 397 2112 in
430 2084 541 2116 Claud.
567 2095 597 2116 c.
631 2094 668 2118 ιο
703 2101 744 2116 -ι
770 2090 850 2119 Dio
884 2092 907 2121 1.
935 2092 999 2122 Lx.
1027 2101 1057 2124 c.
1090 2101 1118 2126 1.
1151 2096 1224 2125 Pos-

109 2145 171 2168 tea·
190 2147 296 2171 omnes
328 2143 395 2172 fere
432 2144 633 2180 Imperatores
664 2146 736 2176 talia
767 2147 915 2179 militibus
951 2148 1096 2182 donativa
1130 2151 1226 2182 dede·

96 2203 184 2225 ⁴funt·

145 2253 201 2289 (ε)
225 2256 332 2285 Suet.
351 2259 383 2284 n'n
404 2258 515 2289 Claud.
536 2267 564 2290 c.
584 2267 631 2294 35.
653 2274 690 2283 —
710 2259 802 2291 Dio.
823 2262 844 2293 Ι.
859 2261 922 2293 Lx.
941 2270 971 2293 c.
995 2270 1025 2298 3.
