2912 4368
971 972 1484 1014 LITERARIA.
1740 991 1794 1031 95

706 1083 827 1119 [niam
860 1083 1003 1121 incidit.
1070 1082 1155 1121 Hoc
1191 1091 1358 1131 tempore
1405 1084 1541 1126 milites
1584 1086 1658 1127 vim
1689 1088 1791 1130 suam

700 1154 745 1200 ju
801 1153 915 1199 magis
965 1152 1156 1201 magisque
1206 1164 1375 1193 exercere
1419 1166 1640 1205 coeperunt.
1706 1158 1794 1199 Sae-

703 1234 761 1268 pis
810 1222 973 1270 legiones
1021 1223 1059 1260 in
1109 1224 1362 1263 remotissimis
1426 1227 1642 1275 regionibus
1702 1242 1790 1270 cum

702 1306 743 1328 ις·
765 1292 831 1329 bus
855 1292 928 1329 suis
957 1293 1208 1332 morabantur.
1262 1295 1359 1333 Nam
1386 1308 1500 1343 quum
1526 1299 1652 1338 Italiae
1669 1312 1798 1350 popu-

701 1365 717 1398 l
761 1363 918 1399 Romani
950 1362 1016 1400 fibi
1049 1363 1322 1412 subjecissent,
1347 1366 1539 1405 Graeciam
1574 1370 1612 1407 in
1636 1373 1794 1419 provin-

700 1446 712 1468 (
736 1448 749 1469 u
780 1433 935 1470 formam
974 1434 1227 1481 redegissent,
1275 1435 1537 1485 Carthaginem
1572 1440 1792 1481 delevissent

701 1519 712 1538 t
752 1514 903 1549 nagnam
940 1502 1141 1551 Hispaniae
1179 1514 1319 1551 partem
1352 1506 1485 1545 ditioni
1526 1508 1611 1548 suae
1639 1513 1792 1561 adjecis-

699 1576 777 1618 Μ,
805 1572 939 1609 bellum
970 1583 1092 1619 gerere
1120 1584 1324 1621 coeperunt
1354 1577 1508 1615 maxime
1538 1591 1623 1618 cum
1659 1582 1791 1623 barba·

698 1656 708 1677 1
751 1642 1033 1690 septemtrionis
1051 1644 1229 1692 populi53
1258 1654 1336 1683 tum
1361 1658 1449 1684 vero
1468 1648 1575 1687 etiarn
1598 1651 1636 1690 in
1655 1652 1791 1694 Orien-

700 1723 711 1747 t
761 1714 900 1760 proelia
945 1714 1225 1754 commiserunt.
1301 1716 1382 1754 Hae
1438 1718 1601 1768 legiones
1645 1724 1789 1774 longis-

699 1786 757 1820 1112
793 1784 936 1821 dissitae
976 1784 1020 1820 ab
1068 1785 1158 1822 urbe
1190 1786 1312 1823 Roma
1356 1796 1487 1835 erant,
1527 1788 1579 1827 ita
1623 1803 1665 1830 ut
1706 1794 1788 1833 diu-

696 1862 737 1889 ω
784 1865 868 1891 cum
913 1854 1072 1891 ducibus
1118 1855 1192 1892 suis
1228 1855 1303 1893 illic
1342 1860 1602 1898 remanendum
1644 1861 1689 1901 iis
1728 1877 1789 1904 es.

694 1926 742 1959 121.
774 1934 849 1969 quo
885 1924 992 1960 etiam
1024 1924 1188 1971 factum,
1208 1934 1247 1962 ut
1264 1927 1378 1963 duces
1415 1928 1501 1976 bis,
1530 1938 1613 1978 ter,
1644 1942 1680 1970 et
1711 1947 1787 1975 am-

694 2005 766 2041 pus
812 1993 994 2030 Consules
1035 2003 1277 2042 crearentur,
1317 2006 1359 2033 ut
1397 2007 1530 2047 nempe
1563 2000 1699 2040 bellum
1736 2007 1784 2043 ad

696 2067 777 2100 imm
826 2064 1082 2110 perlucerent.
1151 2064 1266 2115 Quod
1295 2066 1361 2114 ipsi
1394 2068 1537 2107 civitati
1570 2073 1677 2111 valde
1712 2087 1784 2114 no-

692 2146 765 2170 :zun
802 2133 890 2173 fuit.
959 2135 1049 2171 Inde
1079 2135 1177 2172 enim
1213 2137 1310 2174 nacti
1348 2138 1431 2176 sunt
1469 2144 1680 2189 complures
1706 2147 1786 2186 Ro-

691 2217 712 2241 11
730 2215 856 2241 »iorum
904 2205 1017 2242 duces
1062 2205 1213 2243 nimiam
1248 2208 1526 2258 auctoritatem,
1578 2216 1675 2253 unde
1725 2226 1782 2258 tot

692 2275 858 2317 laguinea
879 2275 995 2321 bella,
1022 2285 1079 2313 tot
1120 2277 1270 2323 caedes,
1293 2286 1460 2327 tempore
1490 2281 1602 2320 Marii
1624 2293 1659 2321 et
1696 2287 1783 2336 Syl-

689 2348 731 2382 ls,
787 2345 916 2395 Quum
968 2346 1086 2393 Alpes
1134 2348 1378 2395 transgressae
1423 2351 1543 2389 essent
1583 2354 1778 2405 legiones,

690 2427 737 2452 110
768 2416 925 2463 amplius
966 2416 1011 2453 ad
1054 2417 1167 2454 duces
1203 2419 1390 2456 attendere
1425 2422 1552 2467 potuit
1594 2424 1779 2467 Senatus:

690 2499 730 2532 μ
765 2485 887 2523 lubitu
922 2485 975 2522 illi
998 2486 1181 2533 agebant:
1213 2500 1282 2535 pro
1321 2490 1415 2527 duce
1440 2501 1540 2529 nunc
1564 2495 1678 2543 magis
1710 2499 1779 2536 mi.

688 2558 774 2603 1222,
805 2568 911 2605 quam
935 2567 1003 2603 pro
1033 2556 1254 2605 reipublicae
1291 2558 1405 2597 salute
1429 2562 1670 2610 pugnabant:
1701 2578 1778 2607 ma-

688 2638 705 2662 ,ο
748 2626 939 2673 magisque
971 2627 1103 2674 procul
1134 2626 1308 2665 videbant
1343 2628 1531 2678 Romam,
1570 2642 1607 2670 et
1642 2635 1776 2676 ducem

686 2698 775 2732 siim
817 2695 1083 2744 agnoscebant.
1136 2695 1229 2733 Non
1256 2698 1415 2745 amplius
1441 2709 1542 2738 erant
1569 2702 1670 2741 cives
1704 2708 1777 2744 rei-

685 2765 829 2812 pulicae
855 2765 1072 2812 Romanae,
1098 2764 1271 2804 sederant
1294 2765 1372 2804 fere
1389 2780 1517 2807 omnes
1543 2772 1683 2819 Syllani
1710 2785 1775 2815 aut

687 2835 820 2873 lariani
836 2863 848 2881 ,
867 2835 1079 2884 PompeJani
1095 2845 1158 2873 aut
1174 2836 1395 2875 Caesariani.
1426 2839 1487 2876 Sic
1511 2840 1646 2880 milites
1661 2855 1772 2892 opem

684 2914 821 2943 turunt
858 2905 1017 2943 ducibus
1044 2904 1145 2953 suis,
1173 2914 1215 2943 ut
1242 2908 1286 2944 ad
1314 2917 1470 2956 regnum
1488 2937 1501 2956 ‚
1527 2913 1632 2958 quod
1659 2914 1771 2954 affee-

684 2986 811 3021 isti-it,
840 2974 1038 3021 aliquando
1068 2977 1321 3023 pervenirent.
1386 2978 1615 3029 Exemplum
1655 2985 1767 3024 nobis

680 3045 803 3091 pizbet
838 3045 998 3091 Caesar,
1024 3053 1113 3092 post
1147 3057 1231 3084 eum
1258 3047 1502 3089 Octavianus.
1556 3052 1647 3102 Quo
1691 3054 1768 3093 fac-

1682 3132 1761 3164 tum
