1565 2865
1157 171 1252 202 xlx

137 310 446 364 FREMERY,
494 310 641 355 diebus
679 311 826 356 martis
855 317 896 356 et
924 310 1087 357 veneris
1100 343 1114 365 ‚
1145 311 1255 356 hora

135 389 425 448 pomeridiana
453 387 526 432 VI.

193 467 275 519 lis,
309 466 380 523 qui
410 463 673 508 instituendis
704 465 1024 523 operationibus
1055 465 1253 510 chemicis

133 558 310 603 operam
352 543 452 586 dare
495 541 693 601 cupiunt,
737 542 920 601 praeerit
960 543 1008 586 P.
1038 542 1079 587 J.
1111 543 1145 587 Ι.
1187 558 1252 587 DE

132 621 449 673 FREMERY,
480 619 546 663 die
580 619 762 672 saturni,
793 619 901 664 hora
927 620 988 664 IX
1015 620 1069 664 ad
1097 620 1171 666 XI.

187 697 443 757 Disputandi
457 695 846 749 exercitationibus,
878 695 945 740 die
969 697 1149 749 saturni,
1167 696 1254 741 ho-

129 775 179 819 ra
209 776 256 827 I,
291 774 520 819 alternatim
548 776 774 832 praeerunt
799 773 1068 828 Professores
1095 774 1138 816 in
1162 773 1253 817 Fa-

128 852 284 896 ‘cultate
324 852 565 897 Matheseos
603 858 643 894 et
686 850 984 909 Philosophiae
1015 851 1246 906 Naturalis,

130 927 278 986 singuli
305 928 350 972 in
378 928 570 987 partibus
593 927 675 972 sihi
704 927 980 976 demandatis.

245 1081 295 1124 In
341 1081 694 1126 FACULTATE
737 1082 1132 1127 THEOLOGICA.

182 1237 244 1278 In
279 1237 573 1291 Theologiam
602 1235 880 1278 Natat-alem
912 1249 1006 1279 cum
1036 1236 1248 1280 commili-

125 1311 295 1356 tonibus
338 1311 520 1369 inquiret
559 1311 611 1356 H.
646 1311 927 1368 BOUMAN,
960 1313 1106 1358 diebus
1141 1314 1255 1362 iovis.

126 1397 167 1434 et
193 1389 379 1443 veneris,
412 1389 519 1432 hora
544 1389 617 1432 IX.

179 1471 448 1511 Historiam
484 1469 722 1510 Ecclesiae
755 1469 1077 1522 Christianae,
1106 1467 1247 1526 inpri-

123 1544 203 1589 mis
229 1547 530 1588 recentiorem
546 1575 558 1596 ,
591 1543 728 1587 tradet
758 1543 810 1589 H.
829 1544 869 1587 J.
891 1543 1215 1589 ROYAARDS
1228 1577 1243 1598 ‚

124 1621 272 1666 diebus
300 1622 448 1674 lunae,
481 1628 519 1664 et
547 1619 717 1673 martis,
758 1619 864 1664 hora
895 1621 968 1665 XI.
1002 1628 1042 1665 et
1074 1636 1244 1666 mercu-

123 1696 204 1750 rii,
235 1697 342 1740 hora
374 1697 427 1740 II.

175 1777 441 1817 Historiam
495 1776 733 1817 Ecclesiae
778 1776 1000 1829 Belgicae
1050 1776 1243 1820 narrabit

122 1852 175 1897 H.
207 1852 247 1896 J.
281 1852 632 1907 ROYAARDS,
673 1852 818 1896 diebus
846 1853 968 1898 lunae
994 1860 1034 1898 et
1064 1856 1256 1910 martis,·

121 1929 229 1974 hora
243 1929 308 1974 vII.

182 2008 566 2049 collocutionibus
589 2019 681 2050 cum
703 2006 1038 2065 provectioribus
1054 2011 1107 2049 de
1130 2011 1242 2050 locis

121 2085 367 2126 Historiae
405 2086 640 2126 Ecclesiae
673 2092 718 2125 et
757 2087 1038 2140 Dogmatam
1073 2086 1240 2130 vacabit
1293 2113 1297 2116 -

71 2161 74 2164 ⁴
121 2158 175 2205 Η.
205 2152 245 2207 J.
274 2155 625 2216 ROYAARDS‚
656 2159 724 2204 die
750 2161 969 2217 mercurii,
1000 2162 1106 2207 hora
1139 2163 1234 2209 XII.
1319 2201 1321 2204 .

635 2238 657 2262 '⁸
677 2238 698 2262 ²⁸
717 2241 745 2282 2
1123 2240 1238 2284 Dis-
