1487 2850
421 201 807 247 ORATIO.
1119 207 1174 249 33

67 358 249 411 Senatu,
281 358 393 403 Viris
422 372 589 415 quoque
617 372 835 402 munerum
854 359 1055 416 gravitate
1069 375 1177 405 con·-

65 434 242 493 spicuis,
288 448 367 493 per
407 435 594 479 cohortis
642 435 810 479 ordines
853 444 974 481 antea
1017 438 1176 493 ductis,

65 525 207 555 coram
237 511 510 570 plurimorum
535 511 821 555 honestiorum
857 513 1005 557 civium
1035 515 1178 558 multi-

61 588 230 642 tudine,
257 589 420 634 Rector
448 589 614 633 cohorti
649 588 839 632 vexillum
875 590 1055 644 tradidi,
1095 590 1179 635 Se-

61 665 187 709 natus
217 679 394 723 meoque
423 665 621 718 nomine,
662 664 867 719 valedixi,
914 680 1086 722 eamque
1124 666 1179 710 ad

60 741 130 786 illa
168 757 260 786 sum
297 742 560 795 exhortatus,
610 755 718 799 quae
764 741 846 800 ipsi
889 742 1103 787 utilissima
1138 749 1179 788 et

55 833 166 878 -prae
201 819 350 864 ceteris
383 819 619 863 necessaria
651 818 756 861 mihi
794 817 1057 865 videbantur.

83 932 87 936 .
117 896 332 941 Noverunt
353 896 475 940 etiam
489 895 658 956 plurimi
672 895 888 948 Vestrum,
911 896 963 940 A.
981 897 1034 941 A.
1054 896 1105 941 H.
1122 896 1176 941 H.

52 971 206 1016 =Virum
253 972 538 1016 Clarissimum
589 972 882 1030 Royaards
927 980 1016 1016 tum
1066 988 1179 1031 quo..

64 1064 144 1105 qne
179 1049 343 1106 elegans
373 1048 582 1092 ¹recitasse
621 1062 818 1101 carmen,
856 1063 940 1105 quo
972 1049 1178 1095 Juvenum

63 1123 225 1168 animos
259 1125 525 1168 confirmaret
554 1125 688 1181 iisque
715 1126 888 1169 salutem
921 1126 1090 1172 diceret.

119 1200 313 1258 Delegati
354 1201 559 1245 Juvenum
597 1201 931 1245 academicorum
971 1218 1061 1248 sese
1103 1220 1179 1250 ex-

62 1279 320 1331 cusantium,
345 1277 444 1335 quia
464 1293 541 1337 per
569 1293 637 1322 res
666 1294 762 1322 suas
789 1278 844 1322 ab
873 1281 999 1324 armis
1025 1295 1179 1341 capes-

62 1355 203 1399 sendis
255 1354 572 1410 retinebantur,
627 1354 981 1402 commilitonibus
1041 1360 1178 1405 fausta

63 1432 320 1492 comprecati
352 1440 460 1477 sunt.

121 1509 241 1567 Quae
278 1510 518 1554 solemnitas
559 1510 657 1555 dum
697 1513 1007 1571 peragebatur,
1037 1528 1179 1571 quan-

62 1593 210 1645 topere
266 1586 442 1643 quisque
488 1587 723 1631 auditorum
761 1588 934 1632 instanti
971 1589 1177 1635 Juvenum

65 1662 238 1708 decessu
256 1670 364 1708 esset
377 1671 611 1708 commotus
627 1696 639 1717 ,
668 1664 768 1709 satis
794 1680 1002 1724 superque
1027 1667 1176 1726 patuit.

122 1740 244 1784 Prius
273 1753 374 1784 vero
405 1755 531 1796 quam
562 1739 787 1784 Curatores
810 1748 850 1785 et
887 1741 1065 1787 Senatus
1096 1744 1180 1788 ab-

61 1816 226 1870 ierunt,
268 1816 395 1874 longo
425 1816 573 1860 ordine
604 1817 800 1874 lentoque
827 1818 960 1876 gradu
988 1820 1041 1864 ad
1066 1827 1179 1879 tym..

64 1894 167 1954 pani
214 1907 365 1937 sonum
417 1907 498 1937 nos
542 1893 757 1952 praeteriit
811 1895 940 1939 electa
996 1896 1178 1951 cohors,

65 1985 173 2027 quae
198 1977 286 2013 tum
324 1968 379 2013 ad
413 1969 572 2014 curiam
607 1970 734 2026 abiit3
766 1986 850 2028 quo
885 1979 934 2016 et.
961 1987 985 2016 a
1013 1973 1181 2031 Magis-

65 2053 180 2091 tratu
213 2044 330 2089 urhis
365 2044 601 2091 humaniter
628 2047 822 2092 invitatus
861 2056 951 2093 erat
975 2049 1178 2107 Senatus;

67 2131 108 2169 et
134 2122 210 2168 Vir
235 2122 514 2182 amplissimus
537 2138 637 2169 van
673 2124 823 2168 Asch
865 2141 966 2171 van
994 2128 1177 2186 Wyck

65 2207 166 2244 tunc
194 2212 363 2256 quoque
387 2198 553 2244 cohorti
589 2199 763 2243 tradidit
793 2200 983 2245 vexillum
1013 2201 1068 2246 ab
1091 2203 1179 2259 ejus

65 2277 173 2333 filia,
201 2276 368 2336 egregia
384 2277 546 2336 puella,
577 2277 787 2334 eleganter
804 2284 843 2322 et
859 2277 1082 2322 artificiose
1102 2293 1178 2322 ex-

369 2353 373 2358 ’
624 2353 659 2397 C
1103 2370 1179 2398 or-
