1487 2850
316 205 373 247 28
672 205 1059 254 ORATIO.

315 359 390 402 bat
418 358 571 402 referre
616 358 785 402 aliarum
826 360 1109 409 doctrinarum
1146 367 1306 425 studia3
1341 385 1420 430 per

307 435 445 494 plures
489 433 595 479 enim
643 434 854 480 doctrinas
889 453 1080 497 sagacem
1108 442 1288 489 animum
1327 447 1416 492 cir-

307 510 572 554 cumferebat.

355 586 545 631 Ceterum
584 587 612 630 J
616 586 751 631 uvenis
801 598 889 635 erat
940 581 1129 640 moribus
1177 597 1408 655 facillimis,

299 661 434 706 animo
463 662 640 706 candido
667 677 716 707 ac
739 675 905 724 aperto,
940 674 1088 715 natura
1114 673 1216 719 lenis
1244 690 1293 720 ac
1322 678 1408 721 mi-

295 738 373 792 tis,
406 739 595 783 comitate
622 738 804 787 affabilis
820 761 832 799 3
871 746 953 789 vita
970 756 1058 793 erat
1071 750 1401 800 honestissimus.

293 814 484 872 Denique
509 815 664 860 amicos
691 832 850 865 summa
883 822 992 877 fide,
1036 827 1219 872 maximo
1262 831 1400 876 studio

291 897 333 934 et
368 891 518 947 quibus
554 893 690 951 potuit
713 897 862 942 officiis
885 902 1099 959 amplexus
1123 913 1211 960 est,
1242 909 1396 962 coluit,

289 966 537 1013 observavit.

344 1043 458 1101 Quid
477 1044 626 1090 mirum
656 1062 781 1107 ergo,
809 1052 964 1098 amicos
989 1063 1029 1100 et
1058 1058 1222 1104 sodales
1249 1075 1340 1106 eum
1355 1069 1395 1107 et

285 1120 420 1165 vivum
449 1123 651 1178 coluisse,
691 1133 733 1170 et
764 1137 972 1176 mortuum
1000 1133 1182 1180 lacrimis
1207 1144 1247 1181 et
1278 1138 1395 1185 desi-

284 1197 400 1242 derio
425 1199 548 1244 fuisse
579 1207 863 1260 prosecutos?

338 1276 454 1320 Alter
530 1285 592 1322 est
655 1280 957 1329 Johannes
1030 1285 1388 1337 Fredericus

281 1352 325 1396 M
339 1367 360 1396 e
374 1354 461 1397 elb
477 1369 501 1398 o
516 1369 594 1399 om
610 1388 622 1409 ,
655 1357 893 1404 Matheseos
915 1369 956 1405 et
983 1363 1282 1424 Philosophiae
1305 1383 1387 1412 na-

282 1429 424 1474 turalis
450 1431 684 1488 studiosus,
724 1436 818 1492 qui,
848 1452 942 1481 cum
982 1447 1022 1483 et
1054 1456 1099 1485 se
1129 1443 1183 1486 ad
1206 1445 1386 1503 patriam

276 1504 575 1553 defendendam
602 1511 838 1557 accinxerat
868 1522 907 1558 et
941 1530 1032 1560 cum
1073 1519 1248 1564 cohorte
1289 1523 1382 1566 Go-

272 1583 528 1629 rinchcmum
562 1598 838 1646 pervenerat,
870 1593 1009 1636 subito
1032 1595 1183 1640 morbo
1209 1611 1379 1657 correp-

271 1666 337 1704 tus
358 1675 406 1705 ex
431 1662 571 1722 phtysi
594 1665 703 1709 diem
730 1667 834 1711 obiit
853 1683 1091 1727 supremum
1105 1703 1117 1725 ‚
1140 1673 1375 1731 lugentibus

270 1739 509 1795 parentibus
534 1749 572 1785 et
598 1744 799 1801 cognatis.
848 1747 918 1790 Ab
948 1746 1151 1792 industria
1183 1759 1223 1794 et
1249 1752 1376 1796 mori-

270 1813 349 1858 bus
373 1816 530 1861 laudari
557 1820 809 1869 merebatur.

324 1965 440 2024 Quae
463 1985 556 2015 cum
569 1972 612 2017 in
633 1983 818 2020 nostram
841 1993 1082 2025 revocemus
1101 1986 1368 2038 memoriam,

264 2042 350 2088 Vos
370 2046 601 2094 admonitos
626 2052 742 2096 velim
758 2086 769 2106 ,
793 2054 975 2100 Juvenes
994 2061 1340 2116 praestantissimi
1357 2065 1366 2107 !

262 2127 307 2164 ut
348 2122 641 2186 aliquantisper
678 2131 971 2189 cogitationem
1013 2139 1263 2183 convertatis
1311 2140 1366 2184 ad

261 2196 371 2242 hanc
400 2200 521 2245 vitam
552 2205 740 2263 fragilem
772 2216 811 2252 et
836 2211 1037 2256 caducam
1077 2229 1204 2270 quam
1250 2216 1367 2259 exci-

258 2274 345 2332 piet
366 2291 476 2322 mors
503 2281 648 2339 cuique
675 2286 902 2332 certissima
918 2320 930 2343 ‚
965 2296 1154 2350 tempore
1181 2291 1365 2349 incerta,

1287 2370 1366 2413 ali-
