1487 2850
290 255 339 303 36
512 250 1175 294 οοΜΜΕΝΤΑΤῙο

289 360 376 397 lime
419 358 665 408 observatur,
729 361 903 409 quoniam
947 362 986 399 in
1023 363 1104 400 sole
1143 360 1307 399 rotundo
1341 360 1394 398 nil

288 428 424 475 refert,
452 440 643 476 quemnam
677 429 893 468 diametrum
920 441 1090 469 emensus
1113 431 1197 479 εἰς,
1232 431 1271 469 id
1304 438 1393 476 est,

288 497 480 544 quomodo
521 497 807 537 instrumentum
852 497 1100 536 inclinaveris,
1174 498 1395 537 Altitudinis

286 565 499 603 observatio
534 567 632 605 haud
673 568 792 604 multo
824 567 938 615 magis
972 567 1130 606 difficilis
1168 575 1254 614 est,
1299 578 1394 616 quo·

288 634 384 672 niam
424 635 462 673 in
498 636 609 684 plano
640 636 804 675 verticali
846 636 1132 675 instrumentum
1170 645 1229 675 est
1266 644 1394 674 tenen·

287 705 391 743 dum.
452 705 727 744 Incommodius
761 713 845 753 est,
881 706 919 744 in
957 708 1096 755 plano,
1139 706 1242 754 quod
1276 707 1395 745 deter-

289 760 431 812 minato
461 775 599 823 angulo
632 776 678 813 ad
717 776 950 815 horizontem
994 775 1215 825 inclinatur,
1265 775 1396 814 obser·

284 855 384 882 vare.
439 844 513 883 Sed
534 845 645 893 longe
671 845 924 883 difficillimum
954 855 1040 894 est,
1066 847 1224 885 duorum
1254 857 1394 894 corpo-

284 924 364 951 rum
392 914 612 952 coelestium
641 914 836 952 mobilium
861 923 989 953 exacte
1020 916 1231 954 distantiam
1256 915 1394 954 metiri.

286 982 443 1020 Accedit
459 1011 472 1030 ‚
513 992 555 1021 ut
590 984 718 1022 stellae
745 983 839 1022 fixae
873 996 1050 1033 perquam
1077 985 1242 1024 difficiles
1267 985 1396 1023 obser·

285 1060 375 1090 vatu
401 1053 523 1090 nautis
559 1052 656 1092 sint:
684 1063 766 1092 nam
790 1062 828 1092 et
855 1054 891 1092 in
916 1054 998 1104 ipsa
1029 1056 1135 1093 stella
1164 1063 1321 1104 propter
1345 1055 1396 1093 si·

286 1122 530 1161 militudinem
568 1122 677 1162 facile
710 1123 918 1172 erraveris3
957 1132 1019 1172 et,
1055 1124 1198 1163 etiamsi
1225 1125 1397 1170 stellam,

287 1203 397 1239 quam
412 1193 530 1240 velis,
557 1193 594 1231 in
616 1204 748 1241 campo
773 1194 934 1240 habea-s,
962 1202 1108 1242 tamen,
1125 1202 1279 1243 propter
1300 1193 1396 1232 lucis

285 1262 537 1310 paucitatem,
583 1262 792 1302 distantiam
828 1263 950 1302 metiri
987 1273 1064 1302 non
1097 1262 1206 1302 facile
1236 1264 1395 1313 poteris.

286 1330 385 1369 Hinc
414 1331 457 1369 fit
473 1360 487 1379 ,
515 1341 556 1370 ut
582 1332 768 1371 distantiis
795 1344 815 1370 a
841 1335 923 1371 sole
948 1333 1081 1371 sumtis
1103 1344 1212 1381 saepe
1228 1332 1397 1371 contenti

284 1410 417 1439 nautae
428 1402 525 1448 sint,
553 1410 589 1440 et
608 1401 703 1440 fixas
716 1412 798 1440 raro
820 1401 1044 1449 observent3
1073 1402 1176 1450 quod
1194 1401 1395 1440 dolendum

282 1481 374 1508 sane
390 1478 446 1508 est
461 1499 474 1518 ,
490 1471 576 1519 quia
600 1482 667 1519 per
680 1471 866 1510 dimidiam
893 1470 977 1514 fere,
991 1472 1100 1509 lunae
1124 1471 1394 1510 revolutionem

284 1539 526 1588 longitudinis
555 1539 773 1589 cognitione
797 1548 914 1579 semet
939 1540 1014 1590 ipsi
1036 1540 1258 1580 destituunt.
1295 1540 1395 1579 Sunt

285 1617 406 1647 tamen
439 1619 476 1648 et
513 1610 600 1658 alii,
649 1610 717 1659 qui
758 1611 883 1649 stellas
927 1609 1149 1649 observandi
1183 1609 1395 1649 facultatem

285 1689 359 1716 usu
393 1680 507 1728 longo
548 1680 620 1718 sibi
659 1687 947 1729 compararunt,
983 1690 1095 1728 atque
1127 1680 1167 1719 in
1192 1680 1238 1718 iis
1267 1680 1396 1719 obser-

285 1749 414 1786 vandis
447 1751 597 1797 planum
636 1751 758 1798 illud,
805 1751 844 1788 in
877 1762 955 1799 quo
990 1752 1125 1790 oculus
1159 1750 1272 1789 simul
1308 1762 1395 1790 cum

285 1817 437 1855 duobus
468 1819 655 1857 sideribus
686 1829 769 1867 est,
819 1829 899 1858 tum
935 1820 1014 1858 cito
1050 1819 1270 1868 reperiunt,
1317 1829 1398 1860 tum

285 1887 571 1925 instrumentum
621 1889 659 1926 in
704 1890 772 1927 illo
813 1891 923 1939 plano
966 1890 1205 1938 pertinaciter
1244 1898 1397 1940 tenent3

287 1966 382 2002 quae
413 1968 469 1994 res
504 1957 668 2006 nemini,
695 1942 858 2007 opinor,
883 1958 994 1998 facile
1024 1959 1207 2008 cesserit,
1231 1959 1309 1998 nisi
1332 1961 1398 2009 qui

286 2034 491 2064 sextantem
512 2028 686 2067 diuturna
712 2029 936 2077 experientia
959 2030 1143 2078 edoctus,
1169 2037 1284 2079 atque
1297 2029 1400 2068 diun-

288 2105 334 2132 na
354 2096 443 2133 adeo
469 2105 728 2146 nocturnaque
755 2110 891 2147 manu,
919 2108 1075 2139 tractare
1098 2099 1352 2140 consueverit.

731 2208 769 2247 b.
820 2209 864 2249 V
857 2219 940 2247 era.

340 2306 412 2346 Sed
449 2309 539 2347 haec
569 2310 616 2349 de
650 2309 927 2352 observatione.
999 2309 1224 2352 Distantiam
1264 2310 1404 2351 emensi

1059 2391 1061 2393 ’
1341 2388 1405 2418 su-
