1487 2850
362 245 869 292 LITERARIA.
1140 247 1187 286 89

535 358 712 407 §.VHL

173 461 235 501 De
267 459 479 499 discrimIne
509 460 610 495 inter
637 455 833 508 imperium
859 454 1027 493 militare
1051 460 1090 491 et

433 527 593 565 militum
627 528 838 576 imperium.

127 635 288 674 Facilius
324 637 417 674 hanc
452 636 705 683 quaestionem
746 633 903 672 soluturi
952 631 1028 670 esse
1077 631 1188 670 nobis

81 704 281 752 videmur,
321 705 347 744 fi
384 704 565 743 continuo
607 705 779 741 adeamus
818 702 1079 751 rempublicam
1111 702 1194 740 Ro-

76 784 249 822 manam,
287 768 399 823 atque
434 774 472 812 in
508 785 549 811 ea
582 781 784 822 utrumque
820 771 1087 820 investigemus
1125 771 1194 808 im·

81 843 242 891 perium.

133 908 306 951 Studium
346 913 399 951 rei
445 912 613 951 militaris
650 912 695 951 ab
736 912 844 950 initio
883 912 969 950 inde
1012 911 1194 950 summum

80 983 180 1029 apud
218 982 410 1020 Romanos
454 982 642 1020 obtinuit:
683 993 761 1030 quo
806 982 976 1029 factum,
1018 991 1060 1020 ut
1098 983 1192 1020 hanc

80 1058 194 1087 artem
228 1052 274 1088 ad
318 1060 455 1089 tantam
493 1052 693 1099 aliquando
740 1053 957 1090 adduxerint
995 1052 1196 1101 perfectio-

80 1130 180 1157 nem.
233 1120 349 1168 Quod
383 1132 467 1158 cum
496 1122 611 1158 hocce
635 1121 754 1159 studio
785 1121 983 1159 aretisfime
1011 1130 1067 1159 est
1104 1132 1198 1158 con·

78 1190 249 1238 junctum
274 1216 287 1236 ‚
316 1189 474 1228 studium
502 1191 841 1237 dominandi,huic
869 1202 1023 1238 quoque
1047 1193 1196 1239 populo

81 1269 193 1306 quam
231 1259 385 1297 maxime
413 1260 609 1307 proprium
645 1260 731 1298 fuit.
808 1261 931 1299 Roma
971 1261 1016 1299 ab
1053 1262 1197 1310 origine

82 1327 169 1366 inde
205 1328 305 1366 bella
332 1329 404 1379 J‘am
440 1329 550 1376 gesfit
577 1341 660 1366 cum
693 1329 859 1368 finitimis
892 1330 1073 1379 populis:
1119 1330 1200 1368 sen-

83 1397 147 1436 sim
185 1398 437 1447 paulatimque
476 1408 584 1447 agros
621 1400 817 1437 extendere
847 1401 1001 1449 coepit:
1042 1409 1080 1438 et
1115 1408 1196 1438 tan·

80 1470 162 1507 dem
199 1469 337 1517 maj0re
377 1470 416 1506 vi
457 1469 670 1507 dominandi
702 1468 862 1506 studium
901 1480 1105 1516 exercens,
1137 1479 1197 1507 to-

77 1537 158 1576 tum
205 1536 285 1576 fere
334 1546 510 1575 terrarum
558 1538 685 1576 orbem
721 1538 789 1576 fibi
839 1539 1009 1588 subjecit.
1061 1540 1193 1587 ltaque

79 1608 286 1658 respublica
332 1606 405 1645 fuit
445 1608 555 1654 plane
596 1608 792 1646 militaris.
851 1608 1069 1646 Auctoritas
1129 1619 1194 1647 au-

81 1685 155 1715 tem
192 1676 230 1714 in
270 1687 311 1714 ea
351 1685 427 1714 erat
461 1676 608 1714 civilis:
656 1687 739 1714 nam
789 1677 947 1715 maxima
993 1677 1069 1716 fuit
1109 1689 1195 1716 cum

82 1745 239 1784 Senatus
277 1753 354 1783 tum
393 1745 526 1793 Populi
566 1745 727 1783 Romani
768 1746 927 1795 dignitas
963 1755 1076 1794 atque
1110 1759 1198 1786 auc·

75 1815 222 1854 toritas.
300 1814 430 1853 Prouti
475 1823 580 1853 totus
624 1816 791 1863 populus
835 1816 975 1854 virtute
1031 1817 1197 1866 bellica,

75 1884 216 1924 summa
249 1884 360 1923 animi
391 1887 575 1936 ἐνέργειᾳ,
613 1884 660 1921 ad
695 1895 826 1933 magna
862 1886 988 1924 omnia
1024 1896 1061 1924 et
1086 1888 1194 1926 laude

77 1955 188 2005 digna
219 1963 290 1993 tam
317 1954 546 2003 susprienda
572 1966 682 2002 quam
707 1957 913 2004 peragenda
939 1957 1194 2005 incitabatur,

77 2025 128 2064 fic
159 2035 286 2063 omnes
317 2036 471 2073 quoque
495 2023 634 2062 civium
671 2025 818 2062 ordines
847 2025 988 2064 summa
1025 2025 1196 2065 fereban-

78 2102 142 2133 tur
166 2093 440 2141 aemulatione,
457 2102 493 2130 et
509 2093 554 2130 ad
578 2104 694 2131 unum
721 2095 956 2142 eundemque
970 2095 1080 2134 finem
1105 2107 1197 2135 con-

72 2162 291 2211 certabant;
344 2174 418 2210 qua
457 2164 503 2201 de
546 2162 650 2202 causa
692 2175 791 2201 unus
831 2164 970 2203 civium
1009 2166 1103 2204 ordo
1139 2168 1194 2206 al-

79 2239 199 2271 terum
223 2232 439 2271 cohibebat.
494 2233 585 2271 Non
621 2219 734 2283 hu’jus
762 2242 908 2273 tantum
948 2234 1096 2275 illiusve
1131 2248 1194 2275 or-

78 2301 178 2343 dinis
215 2311 291 2342 erat
323 2302 564 2352 respublica,
605 2302 666 2343 sed
701 2305 868 2345 omnium
903 2305 992 2345 haec
1028 2314 1105 2345 erat
1140 2306 1197 2344 ci·

1089 2386 1193 2417 vtum
