1487 2850
281 200 329 238 88
508 199 1162 242 COMMENTATIO

285 305 449 356 (quippe
469 306 595 347 itinera
608 308 652 346 ab
666 308 712 346 iis
725 310 815 347 satis
829 309 1085 348 verosimiliter
1103 310 1140 348 in
1154 320 1252 348 mare
1267 310 1388 350 Batti-

285 387 369 415 cum
388 373 588 422 instituta,
607 383 693 414 tum
720 376 825 415 etiam
851 377 1099 417 Hannonis
1120 387 1156 417 et
1174 379 1386 417 Neconis

282 444 450 495 periplus
476 444 752 483 admirationem
781 444 984 495 movent),
1010 446 1137 486 littora
1170 458 1289 486 tamen
1318 444 1389 497 po'-

286 512 364 551 tius
398 513 532 562 legisse
566 526 676 562 quam
704 515 813 553 maria
839 516 1039 555 tentavisse
1071 525 1280 556 censentur.
1317 518 1390 556 Ita·

289 594 364 631 qne
399 583 533 622 horum
566 583 846 624 observationes
869 585 1039 624 littorum
1072 595 1238 625 accurata
1261 586 1391 635 cogni·

283 650 389 690 tione
405 651 715 701 continebantur,
730 654 992 703 stellarumque
1012 656 1156 693 coelum
1179 665 1257 693 non
1276 655 1387 694 alium

284 720 332 760 iis
369 732 479 760 usum
514 723 749 771 praestabat,
778 723 850 762 nisi
877 725 981 772 quod
1003 723 1140 772 polaris
1167 732 1204 762 et
1233 732 1392 774 septem-

287 790 428 829 triones
461 792 557 830 coeli
585 793 711 841 plagas
735 794 1008 833 annuntiarent.
1060 794 1265 846 Byzantina·
1287 793 1391 833 dein-

285 868 401 908 ceps,
446 860 603 909 Vcneti,
642 862 804 910 Pisani,
847 863 1053 903 Genuenses
1094 875 1190 902 mare
1225 864 1394 903 mediter-

286 938 437 967 raneum
471 929 630 969 navibus
665 931 977 980 frequentarunt,
1029 941 1139 980 atque
1179 927 1274 970 inter
1315 941 1392 970 tres

283 997 521 1038 continentes
534 1001 727 1049 primarias
750 1011 985 1042 mercaturam
1000 1012 1253 1043 exercuerunt.
1278 1002 1398 1053 Quid·

288 1066 382 1116 quid
402 1077 485 1117 est,
498 1080 597 1108 nunc
617 1071 763 1110 demum
782 1071 819 1110 in
834 1083 940 1112 usum
964 1073 1126 1112 adhibita
1140 1072 1290 1111 mirifica
1307 1084 1396 1121 pro·

287 1137 443 1185 prietate
462 1139 640 1188 magnetis
654 1167 667 1187 ,
682 1150 899 1180 constructa
920 1142 1046 1191 pixide
1064 1143 1208 1182 nautica
1223 1141 1395 1192 (1300),

289 1205 559 1256 observataque
578 1220 598 1248 a
619 1210 810 1249 Columbo
837 1223 924 1250 acus
952 1212 1221 1260 declinatione,
1247 1211 1285 1250 in
1313 1211 1396 1249 uni-

288 1286 397 1315 versa
425 1279 661 1328 navigatione
692 1280 820 1330 ingens
854 1282 997 1320 exstitit
1027 1282 1239 1321 conversio.
1290 1281 1398 1319 Nau-

285 1353 350 1394 ta,
383 1347 480 1385 coeli
516 1349 647 1397 plaga,
686 1361 763 1397 quo
802 1351 994 1397 tenderet,
1042 1362 1186 1399 semper
1217 1344 1392 1399 cognita,

287 1422 372 1454 tuto
398 1416 527 1454 relicto
562 1416 696 1464 litore,
725 1430 790 1467 per
819 1420 977 1457 medium
1006 1419 1195 1459 Oceanum
1221 1420 1395 1469 navigare

285 1494 400 1522 ausus
423 1494 494 1525 est.
546 1486 721 1525 Profecto
750 1489 838 1527 haec
872 1491 1078 1528 emendatio
1109 1492 1197 1530 artis
1224 1487 1392 1529 nauticae

285 1555 549 1602 opportunitas
583 1556 748 1595 habenda
780 1567 867 1604 est,
905 1570 971 1597 cur
1005 1571 1049 1598 eo
1083 1569 1247 1608 tempore
1284 1571 1395 1609 expe·

286 1622 450 1663 ditiones
481 1625 564 1663 illae
602 1627 800 1666 maritimae
834 1637 937 1667 tanto
966 1630 1094 1667 ardore
1125 1638 1301 1677 tantaque
1323 1628 1398 1667 fre-

289 1696 441 1743 quentia
479 1695 672 1746 susceptae
704 1699 794 1738 sint.
856 1701 930 1739 Ast
963 1709 1082 1739 tamen
1111 1703 1197 1739 haec
1227 1699 1394 1739 conditio

290 1764 505 1813 longissime
539 1767 663 1805 aberat
699 1768 745 1806 ab
784 1769 964 1807 hodierno
997 1770 1241 1817 navigationis
1277 1768 1391 1807 statu.

292 1834 419 1873 Sidera
455 1836 686 1884 invocanda,
724 1839 821 1876 coeli
851 1839 1077 1887 adspiciendi
1114 1847 1246 1878 erant:
1282 1846 1395 1886 atque

291 1914 380 1942 mox
406 1903 549 1954 (1450)
571 1907 679 1945 ecce!
705 1908 1041 1956 qualibuscumque
1061 1909 1140 1947 suis
1172 1910 1394 1947 instrumen-

289 1973 341 2012 tis
370 1974 430 2012 usi
452 1984 586 2014 nautae
608 1976 727 2015 sidera
760 1979 955 2016 consulere
980 1988 1016 2017 et
1043 1990 1088 2017 ex
1122 1977 1394 2016 observationi-

292 2042 365 2081 bus
389 2045 648 2083 astronomicis
668 2047 772 2084 navis
799 2047 911 2084 situm
933 2048 1154 2096 investigare
1175 2056 1395 2096 coeperunt.

291 2111 465 2152 Profecto
489 2113 706 2153 immensum
728 2124 868 2164 quanto
890 2129 988 2156 crux
1013 2117 1073 2155 illa
1095 2120 1249 2155 nautica
1263 2145 1276 2163 ,
1303 2124 1392 2164 pos-

290 2190 350 2221 tea
383 2183 591 2233 quadranti
623 2185 781 2236 Anglico
808 2186 942 2224 cedens
959 2214 971 2232 ‚
997 2188 1162 2225 sextanti
1191 2187 1393 2237 Troughto-

288 2252 401 2293 viano
434 2253 684 2302 posthabenda
712 2265 794 2297 est:
818 2257 883 2297 sed
914 2268 959 2296 ex
980 2268 1025 2296 eo
1049 2266 1169 2296 tamen
1194 2257 1278 2296 inde
1300 2265 1394 2295 tem-

1321 2337 1392 2376 pon
