1487 2850
256 199 310 239 26
483 196 1143 239 COMMENTAH'JO

255 307 440 347 tonius
476 307 545 358 (1)
598 307 662 346 his.
701 307 826 345 verbis
870 306 1029 344 indicat:
1082 333 1115 353 „
1145 305 1372 357 (Tiberius)

255 406 290 427 ‚,
318 389 402 416 eum
443 377 488 414 ad
525 375 700 415 summam
743 375 947 425 potentiam
994 386 1244 423 provexerat:
1269 377 1295 394 ''
1330 386 1369 416 et

256 445 507 485 Tacitus:
538 472 570 493 „
597 446 643 484 ad
675 445 871 494 dignitates
899 455 975 482 non
1008 444 1076 484 nifi
1099 456 1168 493 per
1191 446 1366 496 SeJanum

253 543 287 565 „
315 516 436 554 aditus
474 514 578 565 (2);
631 515 694 553 cui
731 526 778 553 ex
824 514 979 553 Tiberio
1016 525 1134 562 opes,
1173 516 1367 564 honores,

252 613 288 634 ,‚
315 586 402 634 quis
432 586 588 635 plurima
610 585 763 634 juvandi
800 585 1007 623 nocendive
1045 585 1212 633 potentia
1226 585 1251 602 ’⁹
1273 585 1366 636 (3).

253 655 428 705 Sejanum
473 655 608 694 milites
641 655 899 693 Praetorianos
936 655 1041 693 valde
1075 654 1145 692 fibi
1180 654 1372 694 devincire·

253 724 461 773 studuisse,
485 734 587 773 patet
616 736 663 764 ex
687 725 894 763 Tacito:
936 753 968 773 ‚‚
997 725 1053 763 Ut
1088 723 1252 773 perfecta
1281 724 1368 762 sunt

252 820 288 844 0,
313 795 544 844 (Praetoria)
584 805 732 843 castra,
771 795 940 843 inrepere
977 794 1154 843 paulatim
1191 795 1367 833 militares

255 885 289 914 9,
315 864 486 914 animos,
513 865 712 912 adeundo,
740 865 958 913 adpellando
974 892 988 911 ‚
1024 863 1131 902 fimul
1166 864 1373 902 Centurio-

255 961 293 984 „
318 945 385 973 nes
410 946 453 972 ac
486 934 683 972 Tribunos
718 933 796 981 ipse
822 934 997 981 deligere.
1051 933 1190 980 Neque
1227 932 1372 970 senato-

255 1032 291 1053 „
314 1003 371 1042 rio
403 1003 545 1042 ambitu
578 1003 811 1050 abstinebat,
847 1003 1001 1040 cllentes
1039 1001 1125 1040 suos
1161 1002 1372 1040 honoribus

256 1102 290 1122 ‚,
316 1082 380 1111 aut
405 1073 611 1121 provinciis
649 1074 844 1120 ornando,
890 1072 988 1111 facili
1024 1071 1212 1119 Tiberio,
1256 1081 1372 1121 atque

257 1172 290 1193 ,‚
317 1143 368 1182 ita
398 1155 552 1193 pron0,
593 1152 634 1181 ut
663 1143 805 1191 socium
839 1144 1037 1190 laborum,
1075 1153 1152 1179 non
1185 1142 1297 1179 modo
1335 1143 1374 1180 in

256 1242 289 1264 ,,
315 1213 580 1260 sermonibus,
606 1212 667 1251 sed
698 1213 796 1260 apud
829 1210 954 1250 Patres
989 1222 1026 1250 et
1059 1212 1247 1260 Populum
1275 1213 1371 1249 cele·

255 1312 290 1332 „
317 1283 440 1322 braret
465 1283 491 1300 ’'
534 1283 617 1333 (4).
680 1282 804 1320 Tanta
848 1282 971 1331 SeJ‘ani
1018 1282 1184 1330 potentia
1232 1281 1372 1329 gravis-

254 1353 345 1394 sima
365 1354 458 1391 mala
481 1353 625 1390 Romae
650 1352 805 1397 attulit,
835 1360 872 1389 et
896 1351 1011 1400 magis
1038 1353 1232 1400 magisque
1258 1351 1372 1389 liber·

253 1432 368 1462 tatem
414 1421 581 1471 infregit.
649 1420 810 1460 Drusum
858 1421 1006 1459 Tiberii
1051 1421 1168 1459 filium
1221 1432 1368 1459 veneno

254 1492 467 1539 interfecit,
494 1501 608 1540 atque
635 1490 847 1529 crudelitati
881 1492 1078 1539 indulgens
1111 1492 1253 1529 multos
1282 1490 1378 1530 alios

255 1573 303 1601 ex
323 1562 491 1611 Augusti
521 1572 655 1609 genere
687 1560 912 1599 occidendos
946 1560 1091 1598 curavit
1119 1561 1206 1611 (5).

293 1633 461 1672 Tandem
474 1643 565 1670 vero
576 1630 788 1679 suspectum
806 1642 888 1668 eum
904 1630 1035 1669 habuit
1046 1630 1226 1668 Tiberius
1243 1657 1256 1676 ‚
1271 1631 1376 1668 ideo-

258 1715 332 1753 que
355 1703 534 1752 collegam
558 1701 628 1740 fibi
651 1700 818 1739 assumsit
838 1701 877 1738 in
892 1700 1099 1739 Consulatu
1113 1701 1198 1747 (6).
1227 1700 1374 1738 Deinde

257 1784 340 1811 eum
354 1783 421 1821 per
431 1771 627 1819 epistolam
645 1769 692 1806 ad
704 1769 878 1807 Senatum
892 1767 1035 1805 missam
1059 1769 1293 1807 vehementer
1313 1780 1375 1808 ac-

257 1843 427 1889 cusavit,
452 1840 636 1891 jussitque
653 1839 692 1876 in
717 1848 898 1876 carcerem
923 1837 1074 1886 conjici.
1105 1837 1250 1876 Tiberii
1273 1838 1376 1887 epis-

1309 1917 1372 1950 to.

297 1990 351 2027 (ι)
371 1990 408 2017 In
428 1989 497 2018 Tib.
514 1996 540 2016 c.
563 1994 612 2021 55.

293 2048 350 2082 (2)
374 2047 459 2075 Anu.
479 2047 504 2074 1.
526 2045 579 2073 lv.
602 2052 633 2075 c.
653 2045 702 2072 68.

296 2105 351 2144 (3)
371 2106 456 2133 Ann.
476 2103 564 2132 1.V1.
586 2109 615 2130 c.
627 2103 658 2129 8.
680 2100 806 2134 Legatur
823 2099 898 2127 haec
917 2100 962 2128 M.
978 2098 1116 2127 Terentii
1126 2098 1245 2135 Equitis
1255 2099 1367 2129 oratio.

297 2163 353 2199 (4)
372 2163 454 2190 Anu.
474 2162 495 2189 1.
517 2161 570 2188 lv.
592 2167 620 2187 c.
645 2166 671 2187 2.
1163 2144 1166 2148 ’

293 2221 351 2259 (5)
371 2221 472 2248 Suet.
495 2219 528 2245 in
549 2217 616 2244 Tib.
637 2223 664 2243 c.
684 2217 733 2244 62.
755 2223 800 2237 -
817 2212 906 2243 Dio.
931 2214 953 2243 1.
972 2213 1080 2241 Lvffl.
1101 2221 1130 2243 c·
1155 2220 1201 2244 11.

267 2279 352 2317 ·(6)
372 2280 475 2307 suet.
499 2276 532 2303 tn
557 2275 627 2303 Tib.
651 2281 679 2302 c.
704 2275 754 2306 65-
1003 2258 1006 2263 '
1056 2259 1059 2261 ’
