1487 2850
473 170 858 217 ORATIO.
1163 176 1220 220 25

169 327 206 372 F
208 336 282 373 ert:
295 327 419 387 igitur
443 336 591 374 natura
611 329 718 374 illius
746 329 932 390 imperii,
962 338 1008 375 ut
1039 347 1223 394 semper,

111 405 250 462 aliqua
279 406 465 461 ratione,
508 407 629 464 hujus
677 409 889 467 particeps
934 408 985 452 sit
1025 411 1220 469 populus.

111 482 221 527 Hinc
246 483 442 541 inigitur,
470 485 621 540 quibus
642 485 901 543 potissimum
924 487 1083 544 legibus
1100 494 1139 530 et
1151 487 1222 530 in-

109 560 264 605 stitutis
297 561 499 619 ejusmodi
526 562 700 621 imperia
736 563 952 615 sustineri,
983 562 1222 607 confirmari

110 635 373 691 habeantur,
403 638 637 695 quibusque
670 639 890 697 praesidiis
928 654 1034 698 opus
1078 639 1131 683 sit
1164 639 1220 683 ad

107 713 201 770 jura
229 728 324 772 cum
363 714 593 773 Principis,
642 723 730 760 tum
775 716 1221 775 populisanctissime

108 791 261 834 tuenda
288 797 337 835 ac
360 793 645 836 custodienda.
671 792 883 852 Scriptam
906 793 1069 853 imperii
1086 795 1220 853 legem

108 866 163 910 ad
196 867 240 910 id
266 868 553 922 utilissimam,
587 870 674 913 imo
711 872 989 915 necessariam
1033 873 1220 930 judicant

108 943 246 996 multi,
269 951 315 988 ut
345 945 472 989 dubia
504 954 545 989 et
568 946 727 990 incerta
756 949 966 992 tollantur.

165 1020 350 1078 Populus
383 1029 598 1080 praeterea
638 1038 715 1082 per
763 1024 976 1083 delegatos
1018 1026 1071 1069 ad
1107 1027 1217 1085 leges

105 1097 346 1141 condendas
393 1108 616 1144 concurrat
656 1115 823 1145 necesse
862 1109 947 1157 est3
985 1118 1092 1159 quae
1126 1108 1215 1146 tum

103 1185 363 1218 communem
393 1175 541 1219 civium
581 1178 831 1222 voluntatem
879 1179 1091 1224 declarare
1131 1179 1215 1224 ha·-

102 1249 264 1293 bendae
292 1259 414 1305 sunt,
455 1253 527 1309 qui
558 1268 658 1312 ergo
682 1269 766 1298 non
793 1255 908 1309 aliis,
936 1257 1013 1300 nisi
1035 1257 1076 1299 in
1107 1273 1211 1314 quas

99 1324 182 1384 ipsi
213 1329 524 1384 consenserint,
572 1332 722 1390 agendi
748 1334 908 1378 normis
935 1335 1210 1392 subjicuntur.

98 1403 261 1449 Deinde
280 1405 435 1450 tributa
458 1415 497 1451 et
523 1410 766 1468 vectigalia,
797 1412 859 1455 vel
890 1427 969 1471 pro
999 1414 1211 1457 communi

97 1481 224 1526 totius
239 1483 492 1542 reipublicae
507 1518 518 1537 ,
535 1487 595 1529 vel
612 1502 691 1544 pro
713 1488 928 1546 regionum
944 1522 955 1541 ‚
988 1490 1155 1535 urbium
1169 1499 1209 1535 et

95 1573 300 1618 pagorum
320 1577 418 1615 usu,
441 1577 526 1605 non
554 1563 631 1607 nisi
655 1565 743 1622 lege
770 1565 1052 1625 imperentur,
1079 1584 1206 1625 quam

95 1643 166 1679 aut
199 1636 402 1697 Princeps
436 1653 530 1683 cum
556 1647 726 1695 senatu,
763 1649 833 1686 aut
873 1644 1090 1701 regionum
1127 1661 1205 1690 ur-

92 1713 259 1759 biumve
315 1716 580 1773 magistratus
629 1725 669 1761 et
719 1720 980 1775 consiliarii,
1035 1723 1106 1779 qui
1137 1739 1201 1768 ex

91 1791 239 1836 civium
273 1807 447 1837 numero
479 1802 596 1848 sunt,
637 1796 805 1840 condat.
863 1798 1000 1842 Porro
1028 1800 1098 1857 qui
1120 1800 1202 1857 juri

89 1869 273 1914 dicundo
317 1871 505 1929 praesint
539 1872 691 1930 integri
717 1875 1015 1932 magistratus,
1056 1891 1108 1921 ne
1150 1892 1198 1923 ex

88 1946 221 1991 alieno
251 1948 427 1992 arbitrio
453 1950 676 2008 pendeant.
735 1952 799 1995 Ac
826 1952 1028 2010 denique,
1063 1962 1109 1998 ut
1143 1955 1197 1999 de

85 2022 175 2067 aliis
216 2031 453 2079 taceamus,
498 2042 605 2083 quae
645 2027 743 2072 huic
782 2029 835 2073 de
872 2046 955 2087 qua
989 2031 1193 2087 dicimus,

81 2102 336 2162 reipublicae
358 2104 569 2163 regundae
595 2112 634 2149 et
660 2106 1014 2154 administrandae
1037 2111 1192 2156 rationi

79 2180 272 2240 inprimis
303 2181 477 2241 propria
505 2181 699 2226 dicuntur
714 2185 1012 2241 etlaudantur,
1036 2203 1189 2248 praes-

80 2258 322 2304 tantissimis
343 2259 535 2318 publicae
560 2259 703 2306 salutis
741 2262 963 2320 praesidiis
998 2272 1038 2310 et
1066 2267 1189 2323 quasi

1091 2358 1188 2387 mu-
