1487 2850
367 193 879 242 LtTEthnrA.
1156 210 1206 248 59

92 303 231 348 idcirco
262 303 585 352 sparti-ianus
617 304 736 344 dicits
765 332 796 352 ‚a
825 305 925 344 Tota
953 304 1084 344 deinde
1113 306 1206 343 urbe

91 400 125 424 ,‚
149 373 294 414 milites·
318 373 356 410 in
389 373 563 421 templiS,
617 374 656 411 in
687 375 921 422 porticibus,
976 374 1016 412 in
1050 374 1206 417 aedibus

90 469 124 492 „
150 442 353 492 palatinis,
394 443 494 491 quasi
529 443 567 481 in
603 443 752 483 stabulis
787 445 1020 483 manserunt:
1060 444 1208 492 fuitque

95 534 134 562 ·,‚
155 512 341 562 ingressus
374 513 500 552 Severi
536 513 685 552 odiosus
714 523 828 562 atque
860 514 1033 552 terribilis
1050 542 1063 561 ,
1091 525 1208 561 quum

91 609 128 631 „
155 583 291 622 milites
312 583 476 631 inempta
504 583 734 630 diriperent‚
762 584 1003 621 vastationem
1033 584 1115 622 urbi
1140 584 1209 621 mi·-

93 680 126 701 „
151 652 331 692 nantes”
359 652 441 702 (Ι).
495 653 586 690 Non
607 652 763 689 mirum:
792 664 836 689 ex
860 653 933 689 suis
964 652 1098 691 scilicet
1121 653 1212 701 Illy·

90 721 177 763 ricis
197 730 239 760 et
265 720 490 768 Pannonicis
529 721 739 769 legionibus
771 721 1029 759 praetorianos
1065 722 1210 769 delege-

89 800 172 838 rat,
213 792 380 830 moribus
418 790 563 828 feroces
599 790 851 837 barbarosque
894 791 1033 839 lingua.
1094 791 1210 830 Dedit

93 872 248 909 quoque
279 861 496 901 donativum
524 868 561 897 et
592 860 834 898 praetorianis
868 868 906 898 et
932 861 1092 909 populo.
1133 859 1210 898 Pri-

94 941 197 969 mum
221 930 462 970 Pescennium
498 929 687 978 Nigrum,
715 931 841 967 multis
868 930 1073 968 commistis
1100 942 1211 977 proe-

93 999 182 1046 liis,
210 999 325 1043 vicit:
367 1008 446 1036 tum
474 998 612 1036 bellum
643 1009 772 1036 contra
812 999 989 1037 Clodium
1025 999 1209 1038 Albinum

92 1067 286 1117 suscepit,
311 1070 357 1108 de
387 1080 465 1116 quo
492 1069 638 1107 tandem
676 1069 785 1107 etiam
819 1069 1012 1107 victoriam
1043 1080 1210 1118 reporta-

90 1137 161 1176 vit.
229 1138 434 1175 Maximum
480 1138 611 1185 urique
653 1139 788 1176 malum
830 1138 986 1186 imperio
1035 1139 1207 1179 Romano

90 1205 166 1250 fuit
190 1205 403 1244 insatiabilis
436 1204 616 1244 Plautiani
657 1207 835 1245 Praefecti
863 1208 1054 1245 Praetorio
1083 1209 1209 1247 ‘avari—

87 1276 167 1323 fia,
206 1275 272 1324 qui
309 1276 402 1313 hanc
438 1276 547 1314 etiam
588 1275 744 1324 imperio
786 1277 925 1324 eripuit
963 1277 1208 1331 felicitatem,

93 1358 212 1394 quae,
260 1345 439 1383 militibus
465 1346 551 1383 licet
581 1345 679 1384 suam
712 1347 969 1385 exercentibus
1000 1348 1106 1396 vim,
1148 1361 1211 1387 ex-

89 1415 185 1459 stare
224 1423 345 1454 tamen
387 1414 528 1463 posset.
605 1417 766 1463 Severus
805 1429 887 1456 eum
929 1419 974 1456 ad
1015 1419 1208 1458 maximam

90 1494 310 1533 provexerat
333 1485 618 1532 auctoritatem,
647 1494 683 1522 et
719 1486 972 1524 damnatorum
1008 1487 1121 1525 bonis
1152 1489 1208 1526 di-

90 1563 245 1595 taverat.
299 1555 370 1593 Vir
395 1563 483 1592 trux
511 1566 622 1602 quam
650 1556 804 1593 maxime
833 1566 868 1593 et
895 1557 1084 1595 violentus
1108 1556 1207 1607 fuit,

87 1626 210 1674 pestis
244 1624 389 1663 cadenti
424 1626 498 1673 J'am
547 1624 631 1662 orbi
671 1626 858 1671 Romano.
921 1656 955 1675 ‚,
994 1629 1109 1676 Erat,
1150 1630 1208 1667 in-

90 1694 174 1742 quit
219 1695 352 1742 Dio,
406 1695 572 1732 omnium
623 1695 816 1732 hominum
863 1698 1163 1744 potentissimus.
1183 1699 1209 1715 '²

91 1763 232 1801 Omnes
266 1764 480 1802 Praefectos
513 1764 735 1810 Praetorio,
787 1767 852 1814 qui
887 1765 954 1804 sub
988 1769 1068 1817 eJ‘us
1101 1780 1208 1818 prae·

89 1831 234 1871 sectura
266 1833 400 1880 fuere,
437 1833 652 1882 interemit,
692 1846 738 1872 eo
771 1835 918 1883 quidem
946 1837 1129 1886 confilio,
1166 1849 1209 1878 ut

87 1902 189 1940 solus
218 1911 254 1940 et
287 1911 493 1951 perpetuus
519 1913 723 1959 remaneret
758 1905 970 1943 Praefectus
998 1906 1203 1946 Praetorio.

88 1973 196 2011 Adeo
233 1981 307 2010 erat
339 1984 495 2021 avarus,
531 1982 573 2011 ut
598 1974 737 2012 nullam
766 1975 994 2022 provinciam
1013 2004 1026 2022 ‚
1064 1978 1204 2016 nullam

87 2043 275 2082 civitatem
311 2054 332 2081 a
362 2044 602 2090 praedatione
635 2044 809 2081 intactam
842 2045 1093 2091 relinqueret:
1136 2059 1207 2085 un-

88 2114 202 2164 dique
240 2112 308 2152 fibi
347 2113 445 2152 bona
481 2113 598 2151 aliena
624 2114 834 2163 congesfit:
873 2126 960 2153 vere
989 2118 1040 2154 ait
1080 2117 1201 2156 Dio:

1051 2214 1082 2234 „
1110 2187 1203 2226 Non

122 2276 176 2317 (1)
195 2279 231 2308 ln
248 2280 317 2308 vita
333 2279 478 2316 Septimii
497 2281 628 2316 Severi,
648 2289 677 2310 c.
699 2287 728 2314 7.
747 2265 795 2317 (in
811 2280 957 2318 script,
982 2283 1070 2312 Hist.
1094 2284 1200 2322 Λᾶς.)
