1487 2850
270 221 938 262 ASTRONOMICA.
1097 237 1169 277 179

46 340 239 370 nometra:
263 331 374 378 atque
387 330 575 379 negotium
591 332 706 369 hocce
720 331 811 370 tanti
827 331 1000 380 ponderis
1012 343 1167 373 censen-

52 402 139 440 dum
169 409 250 446 est,
280 410 321 438 ut
343 403 448 448 plura
472 412 617 449 semper
642 411 677 439 et
699 401 890 440 minimum
904 403 972 440 tria
987 402 1023 440 in
1037 405 1162 446 eadem

51 471 137 510 navi
173 470 301 507 adesse
334 480 518 518 oporteat.
571 470 646 507 Ista
678 471 879 508 verificatio
912 481 1032 510 autem
1067 486 1165 521 quo-

51 540 164 578 modo
179 552 261 577 cum
288 539 414 577 fructu
438 539 582 576 institui
598 540 717 587 possit
733 568 745 587 ‚
760 549 803 577 ut
816 542 999 579 elucescat
1011 569 1024 587 ‚
1039 543 1161 588 quod-

48 620 132 648 nam
156 610 457 646 chronometrum
487 617 524 646 et
550 618 685 655 quanta
713 610 962 657 magnitudine
993 612 1159 662 aberret,

50 678 212 716 dilucide
231 679 404 726 exposuit
427 678 768 725 experientissimus
796 680 869 717 No
885 680 956 717 rie
972 681 1055 729 (ι).

100 746 266 786 Tandem
294 757 408 784 terrae
438 746 606 795 cognitae
640 748 837 795 adspectus
864 759 1024 786 errorem
1048 749 1161 788 chro-

48 816 210 854 nometri
236 815 400 864 indicat;
440 825 551 864 atque
587 817 675 854 haec
709 818 827 865 ratio,
866 818 936 856 etsi
970 820 1160 859 methodis

0 894 1 924 1
48 887 352 928 antecedentibus
382 885 589 934 frequentia
615 887 797 936 inferior,
822 887 944 934 rigore
961 898 1084 930 ,tamen
1108 889 1157 927 iis

48 958 160 1006 longe
188 957 387 996 antecellit.
466 957 540 994 Sed
576 957 646 994 hoc
679 959 764 995 loco
791 959 873 1007 J'ure
903 971 972 996 suo
1009 967 1160 1007 quaerat

46 1024 208 1075 anquis,
235 1027 410 1064 absoluto
446 1027 504 1064 his
537 1027 610 1065 viis
638 1028 790 1074 cognito
818 1029 1069 1066 chronometri
1102 1040 1159 1068 er-

50 1108 134 1135 rore
158 1097 195 1135 E
211 1126 223 1144 ‚
250 1097 317 1144 qui
336 1107 412 1134 non
435 1097 508 1134 nisi
538 1108 557 1134 e
581 1099 672 1134 male
697 1108 863 1135 assumto
888 1110 1001 1136 cursu
1023 1098 1160 1136 diurno

47 1167 224 1204 exsistere
253 1167 406 1215 possit,
445 1167 636 1213 quomodo
671 1168 813 1204 tandem
851 1167 1008 1204 inveniri
1047 1174 1161 1215 queat

46 1246 157 1274 verus
191 1236 442 1273 chronometri
477 1247 639 1282 cursus,
691 1236 763 1272 hoc
796 1245 852 1273 est
887 1237 1017 1274 diurna
1042 1237 1162 1277 varia-

43 1305 128 1352 ti0‚
158 1316 251 1352 quae
282 1304 502 1352 variationi,
531 1305 727 1352 hucusque
755 1317 821 1354 per
848 1314 969 1345 totum
999 1307 1070 1346 iter
1095 1308 1159 1346 ad·

46 1374 215 1420 hibitae‚
243 1373 503 1411 substituenda
529 1374 592 1413 sit.
645 1375 783 1422 Neque
813 1377 933 1414 facilis
962 1386 1023 1415 est·
1054 1378 1159 1417 solu-

46 1442 125 1483 tio!
174 1446 296 1492 Super
335 1444 402 1482 hac
444 1444 661 1491 quaestione
694 1446 923 1492 praecedenti
954 1447 1082 1485 seculo
1117 1447 1157 1488 in

45 1515 180 1563 Anglia
211 1515 366 1551 multum
406 1513 583 1563 utrinque
608 1513 836 1561 disputatum
864 1525 945 1563 est,
973 1526 1009 1555 et
1035 1518 1156 1558 adhuc

47 1584 120 1622 sub
150 1583 342 1633 judicetis
378 1592 449 1621 est.
502 1582 579 1620 Res
616 1583 707 1620 nihil
744 1585 896 1623 omnino
932 1586 1160 1628 difficultatis

44 1654 223 1701 haberet,
266 1653 297 1690 si
333 1652 527 1701 cognitum
567 1661 664 1690 esset
701 1661 876 1702 tempus,
913 1668 989 1703 quo
1023 1658 1160 1697 mutari

43 1735 178 1762 cursus
206 1722 359 1770 coepit,
400 1723 466 1760 sed
503 1723 576 1760 hoc
614 1725 719 1762 nullo
748 1726 859 1762 modo
892 1726 1052 1775 indagari
1088 1740 1158 1776 po·

44 1804 133 1834 test.
212 1794 382 1831 Statuere
416 1804 642 1841 possemus,
689 1805 839 1833 cursum
877 1806 991 1844 portu
1024 1798 1157 1836 relicto

45 1865 174 1903 subito
204 1865 313 1901 talem
359 1863 601 1900 mutationem
642 1863 827 1911 subiisse,
879 1877 973 1914 quae
1005 1875 1096 1915 post
1130 1878 1160 1905 π

44 1925 122 1974 dies
151 1934 307 1973 efficeret
333 1944 491 1971 errorem
525 1933 588 1980 E3
618 1933 703 1972 dein
737 1934 960 1974 uniformem
983 1934 1161 1978 habuisse

48 2014 210 2044 motum.
249 2004 279 2043 F
283 2005 423 2041 ormula
448 2014 600 2051 nempe:

298 2066 956 2112 a=T—·A-n.a—2¹

46 2119 283 2160 tumdabit:
699 2172 742 2210 δλ

704 2249 730 2273 n

474 2206 595 2245 Ba:

90 2337 142 2377 (ι)
164 2339 331 2367 Procnen!
350 2340 558 2377 Navigation.
585 2341 668 2371 ¹828·
691 2347 724 2374 p.
747 2339 814 2372 ππ.

559 2389 604 2429 Μ
632 2401 654 2426 2
