1487 2850
498 143 868 186 ORATIO.
1211 145 1239 190 7

130 308 171 344 et
211 296 530 360 applicandum,
572 297 657 342 imo
698 297 834 343 invitis
877 298 998 343 etiam
1041 305 1080 341 et
1120 300 1236 342 reni-

124 377 306 426 tentibus
346 389 435 426 esse
474 374 797 419 obtrudendum.
858 375 922 420 Ex
956 375 1038 418 hoc
1065 390 1232 428 errore,

123 460 303 510 quantae
355 451 610 504 discordiae,
684 451 938 504 seditiones,
1005 467 1231 510 regnorum

122 529 381 581 eversiones,
431 528 538 572 bella
581 528 759 585 denique
803 543 896 573 cum
941 528 1100 579 civilia,
1144 536 1233 574 tum

119 604 230 650 inter
275 613 444 663 gentes,
494 618 572 662 per
622 604 789 662 longam
831 618 1036 648 annorum
1085 604 1235 649 seriem

121 681 381 735 atrocissime
432 688 572 739 gesta,
627 688 721 724 orta
765 681 948 734 suerint,
995 680 1234 724 tristissima

120 753 384 817 Superiorum
425 766 463 802 et
499 765 739 803 nostrorum
780 765 1017 816 temporum
1059 757 1236 806 historia

121 834 256 887 docet,
268 842 309 879 et
340 834 574 880 confirmat.
1047 882 1050 883 ⁷

177 912 287 956 Huic
310 911 558 970 praesertim
578 925 727 955 causae
752 910 1019 954 tribuendum
1049 909 1238 963 videtur,

123 988 238 1046 quod
271 988 395 1042 libri,
426 989 498 1046 qui
525 1003 665 1032 rerum
698 995 843 1032 nostra
868 995 1003 1032 aetate
1029 994 1240 1046 gestarum

120 1057 408 1108 narrationem
444 1072 484 1108 et
523 1064 760 1109 earumdem
794 1079 941 1109 causas
983 1064 1241 1121 eventusque

123 1141 365 1194 continent,
404 1142 528 1185 rebus
568 1141 772 1198 factisque
801 1141 884 1185 sint
923 1141 1098 1200 repleti,
1131 1155 1239 1197 quae

120 1219 247 1262 altum
275 1218 433 1262 doloris
462 1226 502 1263 et
529 1218 719 1262 tristitiae
749 1233 918 1262 sensum
946 1217 1062 1277 apud
1097 1217 1238 1261 bonos

120 1309 267 1340 omnes
297 1295 493 1340 excitant.

177 1373 242 1418 Ut
285 1387 384 1417 vero
428 1373 506 1416 hae
547 1372 783 1430 similesque
828 1371 1111 1424 calamitateS,
1143 1384 1237 1415 cum

119 1449 314 1509 publicae
338 1456 427 1493 tum
450 1449 663 1508 privatae,
687 1465 712 1492 a
740 1449 905 1493 civitate
927 1455 1237 1500 averterentur,

122 1533 252 1582 utque
291 1525 483 1569 homines
524 1526 612 1582 jure
637 1539 687 1569 ac
712 1526 802 1583 lege
829 1525 1034 1577 riverent,
1066 1523 1237 1582 optimi,

123 1603 196 1659 qui
225 1617 391 1659 quaque
424 1608 558 1645 aetate
600 1603 836 1646 claruerunt
874 1603 1010 1659 legum
1038 1599 1236 1659 publica-

120 1693 239 1731 rum,
297 1678 462 1737 imperii
503 1679 632 1722 civilis
673 1679 851 1723 formam
887 1678 1236 1730 describentium,

121 1761 341 1807 auctores,
373 1769 468 1798 cum
496 1755 586 1799 illas
617 1755 728 1813 leges
762 1763 848 1804 tum
884 1754 965 1799 alia
1004 1767 1237 1811 quaecum-

123 1844 204 1886 que
244 1830 432 1874 instituta
473 1831 528 1874 ad
583 1847 674 1876 eam
724 1832 929 1876 rationem
975 1844 1239 1889 componere

122 1906 392 1961 studuerunt,
424 1923 533 1964 quae
556 1908 740 1966 gentium
767 1908 986 1961 moribus,
1018 1907 1145 1957 animi
1170 1907 1242 1949 in-

115 1982 316 2040 geniique
353 1984 481 2027 cultui
524 2001 650 2042 quam
693 1985 873 2029 maxime
917 1985 1071 2028 idonea
1114 1984 1237 2028 vide-

114 2061 263 2115 batur.
327 2059 437 2105 Hinc
466 2063 577 2105 varia
609 2070 734 2120 atque
766 2062 930 2106 diversa
964 2061 1077 2120 apud
1101 2061 1237 2105 varias

113 2143 266 2201 'gentes
306 2137 531 2183 constituta
586 2139 663 2183 fuit
701 2139 876 2198 regundi
918 2138 1235 2197 imperandique

124 2212 233 2257 ratio
262 2220 302 2257 et
332 2214 483 2262 forma.

1182 2291 1239 2335 At
