1487 2850
225 192 258 238 8
593 182 957 230 ossArlo

289 349 345 394 At
382 359 467 390 non
510 345 561 387 de
603 342 690 387 sola
734 338 957 383 constituta
996 337 1331 395 imperiisor ma

231 424 333 470 mihi
367 420 585 465 dicendum
617 425 702 469 est,
734 431 859 473 quam
890 431 913 458 a
943 415 1226 473 sagacioribus
1254 414 1334 458 Vi-

229 501 288 546 ris
310 497 450 558 populi
476 500 726 552 acceperunt
759 506 947 548 quaeque
971 491 1015 533 in
1047 491 1199 535 tabulis
1227 490 1336 549 legi..

228 583 319 628 tur,
348 588 488 618 verum
517 579 556 615 et
579 571 645 614 illa
665 568 870 627 imprimis
895 568 1070 612 civitatis
1099 568 1335 623 ordinatio,

228 652 298 697 illa
322 651 505 694 instituta
519 648 680 691 silentio
697 661 721 689 a
746 660 813 689 me
839 660 925 689 non
947 653 1042 690 sunt
1062 653 1338 704 praetereun-

232 728 315 782 da,
347 741 476 784 quae,
508 731 655 767 natura
683 722 811 775 duce,
844 723 1004 779 absque
1020 723 1139 767 ullius
1165 723 1338 777 auxilio,

232 821 307 851 sua
338 803 455 850 veluti
491 807 640 859 sponte
681 814 731 844 ex
776 814 916 843 rerum
955 800 1224 853 conditione,
1255 813 1341 859 po-

230 881 422 942 pulorum
453 877 616 929 indole,
647 875 755 919 vitae
799 891 948 934 genere
990 876 1162 933 aliisque
1183 903 1186 906 -
1205 875 1341 919 causis

233 964 273 1002 et
309 952 694 1015 opportunitatibus
736 959 834 995 nata
886 960 998 995 sunt·
1026 960 1067 995 et
1114 951 1342 995 identidem

233 1032 408 1078 exculta.
467 1030 622 1088 Magna
661 1043 759 1073 vero
799 1029 1000 1082 ambitio,
1035 1029 1216 1087 partium
1251 1035 1344 1071 stu-

236 1110 330 1162 dia,
373 1109 553 1166 flagrans
580 1106 697 1164 regni
732 1105 909 1164 cupido,
954 1106 1180 1162 aliquando
1222 1105 1345 1149 etiam

236 1185 437 1246 temporis
463 1183 686 1229 necessitas
713 1183 882 1227 tandem
919 1197 1086 1240 quoque
1113 1182 1158 1226 id
1187 1180 1346 1226 effece-

238 1269 358 1314 runt,
388 1268 433 1304 ut
462 1261 515 1303 ab
550 1275 633 1304 una
666 1259 842 1304 civitatis
874 1260 1169 1317 gubernandae
1211 1259 1347 1302 forma

239 1344 373 1382 tracta
395 1337 500 1380 ratio
526 1336 578 1381 sit
608 1337 662 1380 ad
694 1337 835 1389 aliam,
867 1335 982 1379 haud
1023 1351 1123 1379 raro
1165 1350 1349 1395 corrup-

240 1421 354 1468 tam,
381 1414 610 1474 praestanti
642 1413 822 1459 hominis
861 1421 1010 1457 natura
1043 1413 1270 1472 indignam.

300 1493 530 1536 Prae‘e'unte
568 1490 771 1550 imprimis
800 1490 1046 1544 Aristotele,
1097 1490 1351 1544 acutissimi,

244 1567 457 1624 multoque
497 1583 634 1612 rerum
665 1568 1001 1625 gravissimarum
1036 1583 1112 1612 usu
1147 1575 1186 1612 et
1222 1583 1355 1626 expe-

241 1643 388 1689 rientia
432 1644 578 1688 exculti
616 1643 768 1702 ingenii
818 1644 943 1697 Viro,
1002 1644 1138 1688 varias
1199 1644 1356 1687 civitati

244 1719 476 1777 imperandi
503 1722 658 1765 formas
697 1735 866 1774 omnes,
899 1736 1004 1777 quas
1029 1728 1219 1766 externas
1244 1735 1355 1765 nunc

248 1797 370 1853 vulgo
397 1798 631 1854 appellant,
655 1797 697 1841 in
737 1805 872 1841 certas
907 1799 1061 1842 classes
1099 1798 1358 1842 distribuisse

249 1887 390 1917 rerum
439 1872 614 1917 civilium
658 1874 924 1933 Scriptores,
976 1890 1101 1918 nemo
1142 1882 1229 1928 est,
1287 1876 1360 1932 qui

251 1949 428 2007 ignoret.
490 1950 591 1993 Aliis
621 1951 697 1994 alia
729 1952 868 2010 placet
908 1951 1172 2005 distributio,
1210 1953 1283 1996 sed
1316 1953 1361 1996 in

254 2024 322 2069 his
368 2025 489 2068 nobis
534 2040 619 2069 non
659 2035 719 2070 est
755 2029 1018 2074 morandum.
1109 2030 1252 2073 Verbo
1293 2030 1362 2073 di-

256 2101 365 2145 xisse
399 2102 497 2145 satis
535 2102 614 2155 sit,
658 2103 738 2147 tria
779 2104 1043 2162 potissimum
1082 2106 1246 2165 imperii
1285 2122 1364 2165 ge-

257 2191 360 2221 nera
398 2191 422 2220 a
453 2178 660 2235 plerisque
680 2179 970 2239 Scriptoribus
997 2183 1122 2228 fuisse
1155 2184 1365 2238 admissa,

259 2252 442 2312 regium,
472 2254 716 2313 optimatum
749 2265 788 2301 et
818 2253 1043 2319 populare.-

1228 2339 1366 2396 Quum
