1487 2850
373 164 882 227 LITERARI‘A.
1143 201 1191 242 33

80 319 113 342 „
140 303 259 333 emere
271 293 297 311 ’⁹
322 293 409 344 (1).
461 294 583 335 Galba
611 295 792 345 imprimis
816 295 971 335 avaritia
994 296 1033 335 in
1056 297 1185 337 odium

76 363 228 402 incurrit
251 373 328 401 non
353 363 471 402 solum
498 364 658 403 militum
682 367 999 405 Praetorianorum
1014 394 1027 414 ,
1053 379 1183 406 verum

73 433 179 471 etiam
208 432 397 481 legionum
420 434 459 471 in
478 434 690 474 Germania.
720 462 752 483 „
779 436 877 473 Nam
904 445 1006 474 metu
1021 444 1057 474 et
1068 436 1188 486 indig-

72 531 105 552 ‚‚
131 503 246 542 nitate
258 532 272 552 ‚
299 504 422 553 inquit
445 506 470 544 S
483 518 507 543 u
521 517 540 542 e
554 514 570 543 t
585 517 607 543 o
621 507 670 543 ni
684 518 708 544 u
721 518 739 544 s
753 533 767 553 ,
794 506 1053 545 Praetorianos
1080 518 1185 546 com-

70 601 102 622 „
129 574 247 613 movit
261 602 275 621 ‚
292 586 487 613 removens
499 574 660 614 subinde
666 577 870 623 plerosque
882 603 896 623 ‚
909 585 951 613 ut
962 575 1180 624 suspectos,

69 671 101 692 ‚‚
128 652 165 682 et
186 644 408 693 Nymphidii
430 644 552 683 socios
572 644 598 660 ''
622 644 709 695 (2).
737 645 928 694 Legiones
952 645 1061 684 etiam
1087 647 1186 703 Ger-¹

65 713 226 754 manicas
261 713 463 752 frustratus
489 723 575 761 est,
603 714 780 762 quoniam
805 714 1021 753 donativum
1037 743 1051 762 ,
1081 715 1187 763 quod

63 782 388 830 exspectaverant,
439 793 516 820 non
552 783 670 823 dedit.
746 784 937 823 Praeterea
985 786 1182 825 cohortem

63 850 362 899 Germanorum,
391 863 485 901 quae
523 852 621 891 inter
653 855 912 893 Praetorianos
937 866 1067 904 magna
1091 855 1183 894 fide-

61 922 168 960 litate
194 922 258 962 diu
281 923 527 970 Imperatores
553 923 819 962 ‘custodiverat
834 951 849 972 ‚
876 923 953 963 fine
975 925 1055 962 ullo
1077 935 1186 962 com·

61 991 175 1028 modo
209 999 274 1030 aut
297 991 471 1040 praemiis
504 992 617 1039 ullis,
645 992 783 1031 dimifit
813 993 852 1031 in
883 993 1052 1042 patriam.
1105 993 1184 1032 Le-

61 1068 167 1107 gatos
205 1060 321 1108 igitur
352 1061 398 1098 ad
438 1061 698 1100 Praetorianos
741 1062 920 1101 miserunt
955 1063 1179 1103 Germaniae

61 1130 245 1168 exercitus
271 1141 357 1168 cum
384 1131 591 1178 mandatis,
618 1132 815 1179 displicere
848 1133 1111 1181 Imperatorem
1138 1132 1180 1171 in

57 1199 237 1248 Hispania
260 1198 425 1237 factum·
454 1200 630 1248 eligerent
658 1200 753 1250 ipfi,
782 1213 893 1249 quem
920 1202 1047 1240 cuncti
1073 1212 1179 1241 exer-

52 1268 153 1308 citus
177 1268 478 1317 comprobarent.
505 1270 550 1307 In
569 1269 650 1318 ipso
675 1271 839 1310 exercitu
865 1271 1014 1323 quidam
1029 1280 1176 1312 ceteros

53 1338 316 1387 alloquebatur
354 1338 456 1377 hisce
489 1339 639 1386 verbis,
683 1352 778 1388 quae
813 1352 835 1379 a
870 1341 1176 1381 Plutarcho

54 1407 236 1447 referente
256 1408 471 1448 audiamus:
505 1437 535 1457 ‚‚
550 1410 656 1459 Quid
675 1411 748 1449 hoc
770 1412 822 1449 rei
844 1420 925 1459 est,
948 1412 1176 1451 commilito-

53 1506 87 1527 „
112 1489 179 1517 nes
193 1501 215 1526 ‚-
244 1480 347 1527 quod
372 1489 495 1526 neque
533 1480 646 1518 alium
672 1481 939 1530 Imperatorem
975 1493 1173 1532 creemus,

53 1575 86 1596 ,‚
113 1559 237 1596 neque
269 1548 490 1587 retineamus
525 1561 638 1598 eum,
667 1562 780 1599 quem
818 1552 1030 1591 habemus?
1057 1551 1175 1603 Quafi

54 1644 86 1664 ‚‚
113 1627 190 1656 non
217 1617 407 1665 Galbam,
452 1618 514 1656 sed
550 1619 704 1658 omnino
737 1620 872 1659 habere
905 1621 1172 1670 Imperatorem

42 1714 86 1735 ⁷„
114 1696 150 1725 et
171 1698 301 1735 parere
322 1687 584 1737 defugiamus?
611 1688 784 1728 Flaccum
805 1691 1065 1730 Hordeonium
1087 1692 1173 1740 qui-

51 1782 83 1804 „
110 1755 193 1793 dem
209 1782 223 1802 ,
252 1756 318 1803 qui
342 1756 437 1794 nihil
457 1758 583 1805 allud,
613 1769 723 1807 quam
761 1759 891 1798 umbra
918 1768 976 1798 est
997 1769 1034 1798 et
1058 1760 1172 1800 fimu-

46 1852 80 1873 ‚‚
105 1826 245 1864 lacrum
280 1824 447 1874 Galbae,
492 1827 647 1865 missum
674 1828 868 1869 faciamus.
932 1829 1059 1869 Unius
1093 1831 1170 1870 diei

45 1922 80 1944 ‚‚
107 1893 177 1933 iter
201 1894 306 1933 abest
330 1907 351 1934 a
372 1895 485 1935 nobis
518 1897 722 1946 Vitellius,
777 1899 843 1947 qui
881 1899 987 1938 alteri
1010 1900 1167 1939 Germa-

49 1991 82 2012 „
108 1964 190 2003 niae
232 1975 405 2013 praeest:
459 1968 567 2016 euJ'us
604 1967 678 2006 fuit
714 1977 819 2016 pater
856 1969 1005 2008 Censor
1037 1978 1074 2008 et
1109 1979 1168 2009 ter

29 2063 35 2069 .
48 2061 83 2082 „
108 2033 277 2081 Consul,
305 2043 341 2073 et
361 2035 521 2075 Claudio
543 2037 689 2076 Caesari
715 2038 989 2086 quodammodo
1011 2038 1167 2078 consors

1038 2137 1070 2157 92
1097 2109 1166 2148 im·

25 2192 45 2211 ,
84 2168 138 2208 (ι)
159 2170 310 2208 Xiphil.
331 2182 346 2202 e
367 2175 489 2210 Dione,
510 2175 535 2204 1.
557 2176 668 2208 Lxlv.
689 2184 754 2212 c.3.
777 2179 864 2209 Tac.
887 2180 972 2210 Hist.
993 2181 1014 2209 l.
1034 2181 1059 2210 1.
1082 2187 1110 2209 c·
1131 2187 1161 2215 5.

84 2226 136 2264 (α)
155 2229 257 2259 Suet.
277 2230 310 2257 in
336 2231 450 2262 Galba.
470 2240 498 2262 c.
521 2234 567 2262 16.

583 2290 617 2329 C
