1487 2850
315 214 904 261 ·‘L1TERAR1A.
1156 231 1203 271 17

89 336 237 378 praesto
276 327 396 367 essent
429 328 673 379 Imperatori,
711 327 738 367 si
772 329 806 367 ei
838 329 1093 369 insidiarentur
1127 328 1202 369 ini-

88 398 195 446 mici,
216 399 276 437 vel
297 410 382 437 eum
417 399 624 438 interficere
646 408 887 439 conarentur.
939 401 1098 439 Senatus
1126 398 1201 448 igi-

83 478 145 507 tur
180 468 354 517 assensu,
406 481 451 508 ex
502 470 653 518 optimis
702 479 739 508 et
781 469 965 507 veteranis
1012 468 1197 510 militibus

83 539 325 577 Praetorianis
358 540 566 578 custodiam
597 539 768 588 corporis
802 540 871 578 fibi
899 540 1039 588 elegit,
1064 539 1202 578 satelli.

81 618 170 655 tes,
191 619 288 656 quos
320 618 449 657 postea
472 609 716 657 Imperatores
754 609 973 658 praesidium
999 609 1105 648 suum
1133 610 1202 648 ha.

84 677 262 717 buerunt.
325 679 469 717 Graece
501 678 680 717 dicuntur
712 683 1053 731 σωματοφὺλοικες,
1093 679 1200 731 (ίῄἶῖ-

81 749 223 796 wudu,
252 747 399 787 Gardes
420 747 472 786 du
489 747 643 799 Corps).
686 776 711 796 „
737 749 960 798 Exemplum
976 777 990 797 ,
1017 757 1060 789 ut
1081 748 1199 799 Lip-

82 846 108 866 „
133 818 244 856 sius
270 817 322 856 ait
348 817 444 868 (1),
481 817 639 856 instituti
665 819 779 868 hujus
816 819 919 868 fuit,
943 831 963 857 a
994 819 1196 859 Praetoriis

83 915 108 936 „
133 887 357 927 cohortibus
380 888 429 927 in
453 889 614 927 exercitu
634 916 648 935 ‚
673 901 767 937 quae
799 889 896 928 circa
927 888 1047 937 ipsum
1076 889 1203 939 Impe,

83 986 109 1006 „
134 967 291 997 ratorem
325 967 362 996 et
388 960 433 997 ad
466 959 547 1008 ejus
587 960 741 997 tutelam
775 969 898 999 erant:
938 959 1005 998 sed
1034 960 1201 1008 plerum-

85 1056 109 1075 „
136 1039 211 1076 que
247 1039 334 1066 una.
399 1028 598 1078 Augustus
636 1037 758 1067 autern
795 1029 834 1068 in
872 1028 981 1067 bellis
1020 1028 1199 1068 civilibus
1245 1030 1248 1033 ’

82 1122 107 1144 ,,
133 1097 258 1145 plures
288 1096 444 1144 habuit,
483 1106 518 1134 et
544 1097 665 1135 victor
700 1110 853 1146 quoque
882 1099 1038 1138 retinuit
1064 1099 1103 1138 in
1131 1110 1201 1148 pa-

82 1193 108 1215 „
133 1176 203 1213 ce,
228 1174 359 1204 contra
387 1175 513 1204 motus
542 1167 691 1204 subitos
719 1176 755 1205 et
776 1169 821 1206 ad
845 1168 991 1216 plebem
1016 1169 1198 1209 Romam·
1248 1199 1257 1204 -

71 1262 107 1284 -„
134 1247 207 1283 que
247 1236 502 1276 coercendam.
523 1235 550 1252 ’'
601 1236 653 1274 Hi
690 1238 946 1286 Praetorium,
989 1238 1062 1277 flos
1098 1238 1198 1278 mili-

70 1314 187 1352 tum,
215 1305 312 1353 fide,
340 1305 500 1354 robore,
540 1314 577 1344 et
608 1316 716 1355 gente
747 1308 814 1358 (ut
846 1308 942 1346 idem
979 1308 1119 1357 dixit),
1145 1308 1193 1347 ab

54 1376 254 1424 „Augusto
291 1375 329 1414 in
363 1387 488 1415 novem
526 1376 701 1414 cohortes
737 1378 843 1417 divisi
884 1377 984 1419 sunt.
1050 1379 1195 1419 Novem

74 1446 197 1484 millia
226 1445 386 1484 militurn
428 1444 581 1484 fuerunt
616 1436 801 1496 nurnero,
855 1448 921 1497 qui
958 1459 1038 1488 non
1074 1448 1196 1489 solum

76 1514 328 1563 fortitudine,
377 1528 507 1554 verum
566 1517 672 1556 etiam
725 1517 836 1567 stirpe
880 1527 986 1558 erant
1028 1519 1193 1560 nobiles.

79 1585 209 1632 Nam,
261 1593 305 1624 ut
367 1585 596 1625 Tacitus
657 1586 825 1637 scripsit,
875 1586 1028 1628 Etruria
1076 1587 1196 1628 ferme

67 1653 309 1703 vUmbriaque
347 1656 503 1705 delecti,
541 1665 607 1696 aut
641 1665 767 1711 vetere
793 1656 933 1708 LatiO,
963 1666 1001 1698 et
1032 1659 1194 1699 coloniis

64 1724 282 1773 *antiquitus
313 1725 496 1765 Romanis
522 1725 613 1777 (2).

1089 1819 1189 1860 Dio

56 1976 57 1979 Ἰ
73 1934 304 1965 dumTacitu
315 1944 458 1973 m,etant
476 1937 591 1968 divisae
607 1938 640 1968 in
655 1944 719 1969 tros
734 1942 897 1971 cohortes:
918 1944 1001 1974 Ann.
1021 1944 1045 1974 1.
1057 1944 1187 1980 Ιν.ε.ς.

60 1995 238 2034 'secundum
253 1995 424 2024 Dionem
442 1996 646 2034 Cassium,
665 1997 697 2028 iu
714 2006 866 2036 quatuor:
889 1998 948 2031 aaz
975 1997 1008 2031 οἱ
1031 1999 1096 2038 τῆς
1123 1999 1191 2034 26·

70 2059 157 2094 λεως
181 2052 317 2096 Φρουροῖ
342 2053 580 2098 {Eume-ximo?
603 2070 646 2092 τε
671 2057 793 2099 ὄντες,
829 2061 888 2094 καὶ
915 2064 1075 2104 ’τετραχῆ
1101 2075 1192 2098 usve-

64 2112 218 2154 μημένοι.
278 2116 366 2145 Hm.
406 2116 494 2146 Rom.
527 2118 550 2146 1.
576 2118 646 2149 LV.
684 2127 714 2150 c.
741 2128 792 2158 24.
831 2119 904 2152 vid.
934 2122 1123 2163 Lipsius,
1148 2128 1184 2157 do

71 2183 173 2211 magn.
195 2175 281 2202 Rom.
306 2175 329 2203 1.
348 2175 371 2204 1.
389 2182 419 2203 e.
440 2184 472 2212 4.

54 2263 56 2265 ,
105 2229 159 2265 (ι)
179 2231 226 2259 De
246 2239 348 2268 magn.
370 2232 456 2261 Rom.
476 2232 499 2260 1.
518 2232 542 2261 1.
566 2240 594 2263 c.
614 2240 647 2269 4.

110 2285 161 2329 (a)
180 2287 263 2316 Arm.
283 2288 305 2315 1.
326 2288 382 2317 iv.
403 2295 431 2316 c.
452 2295 482 2323 ς.

612 2345 642 2383 Β
