1487 2850
211 222 269 268 ἱιὶι
584 225 954 269 ORATIO.

212 382 432 425 Praeterea
460 382 597 439 plures
623 395 689 425 res
710 381 870 439 plenius
896 389 1020 440 atque
1051 382 1217 429 uberius
1247 385 1320 429 in-

210 458 398 515 dagavit,
436 458 608 514 adjectis
643 457 764 501 etiam
797 459 1018 518 exemplis,
1046 466 1085 503 et
1112 461 1319 507 observa-

205 534 388 578 tionibus
416 534 744 587 Astronomicis,
795 550 899 591 quas
939 535 1029 594 ipse
1057 536 1317 595 instituerat3

203 612 247 655 in
283 611 432 667 quibus
475 611 668 654 omnibus
715 625 799 655 non
844 612 976 656 solum
1020 627 1317 671 progressuum

203 689 247 734 in
268 688 446 732 Matliesi
464 696 589 745 atque
614 688 656 731 in
674 689 943 733 Astronomia
966 689 1219 745 theoretica,
1242 690 1317 736 sed

203 767 324 810 etiam
359 765 403 808 in
432 764 700 809 Asu-ommia
728 765 915 824 practica
954 767 1171 825 praeclara
1200 766 1316 811 dedit

201 843 465 887 documenta.

256 921 399 978 Quare
428 919 634 977 egregiam
662 919 773 962 hanc
804 919 1195 963 commentationem
1222 919 1314 963 Fa-

202 998 334 1042 cultas
364 1010 449 1040 non
479 995 681 1039 dubitavit
706 995 876 1038 summis
891 995 1124 1039 honoribus
1143 995 1312 1054 dignam

197 1074 395 1134 judicare.
458 1072 668 1117 Schedula
696 1078 833 1137 autem
860 1079 1032 1130 aperta,
1074 1079 1199 1129 atque
1237 1073 1309 1117 in-

201 1152 347 1196 stituto
366 1183 377 1203 ‚
426 1163 569 1194 coram
612 1148 855 1202 Facultate‚
909 1146 1117 1202 examine,
1171 1148 1308 1208 patuit

199 1243 288 1274 esse
318 1234 531 1271 auctorem

225 1369 590 1416 Gerhardum
619 1368 949 1425 Regnerum
980 1365 1272 1420 Fockens,

286 1457 325 1488 In
349 1453 519 1486 Academia
538 1451 721 1491 Trajectina
740 1450 863 1481 Litter·
882 1449 979 1481 Hum.
996 1448 1218 1480 candidatum.

253 1579 474 1626 Proximos
518 1584 655 1622 autem
700 1575 884 1620 honores
929 1574 1124 1620 Facultas
1159 1572 1304 1617 tribuit

195 1657 349 1719 prioris
381 1653 688 1714 Responsionis
716 1653 903 1707 auctori,
926 1652 998 1710 qui
1027 1659 1165 1696 tamen
1191 1665 1304 1694 non-

196 1737 292 1780 dum
323 1749 367 1779 se
403 1731 639 1776 declaravit.

657 1863 832 1874 -ο-σ-υ-

293 1965 315 2008 J
325 1962 580 2009 UDICIUM
613 1958 854 2006 ORDINIS
887 1957 1206 2004 LITERARII.

456 2105 708 2162 QUAEs'mo
741 2101 1038 2147 mezARm.

250 2252 275 2279 (ε
307 2234 379 2280 Sic
411 2241 626 2278 enarretur
651 2231 825 2277 militum
854 2229 1221 2275 praetorianorum
1245 2227 1301 2271 ab

192 2316 507 2370 «Augusto
552 2310 649 2355 inde
703 2308 756 2353 ad
806 2306 1160 2367 Septimium
1207 2303 1306 2349 Se-

1215 2395 1306 2426 ve-
