1487 2850
230 201 280 237 14,
458 188 1130 243 COMMENTnTlo

227 305 300 333 tem
337 297 496 343 Augusti
527 308 647 345 usque
678 297 724 334 ad
756 296 1037 346 Commodum,
1087 299 1209 339 altera
1244 313 1334 340 vero

232 377 253 402 a
284 365 494 403 Commodo
519 376 638 412 usque
663 365 710 402 ad
737 365 960 414 Septimium
995 369 1196 418 Severum
1222 381 1339 419 prop·

231 442 328 472 terea
358 434 460 480 quod
494 433 673 481 imprimis
706 444 725 471 a
757 433 969 473 Commodo
1003 436 1088 475 inde
1116 439 1189 476 vim
1218 439 1257 477 in
1281 447 1340 476 to·

229 513 309 540 tum
360 502 552 550 imperium
607 503 817 541 Romanum
871 504 1064 543 maximam
1116 506 1337 547 habuerunt.

231 572 306 613 Sed
331 572 436 620 prius
460 583 568 620 quam
600 571 711 620 ipsam
731 571 929 611 >historiam
962 572 1166 623 aggressuri
1190 576 1340 623 sumus,

232 654 310 682 non
336 642 630 691 inopportunum
668 642 758 689 erit,
806 641 834 680 fi
876 643 1039 682 breviter
1070 644 1258 684 videamus
1294 645 1340 683 de

237 713 453 752 conditione
480 709 623 761 imperii
652 711 813 750 Romani
840 720 1007 762 tempore
1030 713 1210 762 Augusti.

724 835 766 883 §·
815 833 849 872 1.

279 943 339 982 De
361 942 565 982 conditione
587 943 740 995 imperii
763 940 927 980 Romam·
951 950 1111 995 tempore
1123 941 1304 993 Augusti.

287 1064 366 1104 Sub
399 1065 576 1115 Augusto
617 1063 809 1112 imperium
843 1063 1054 1102 Romanum
1083 1075 1150 1112 per
1182 1063 1342 1113 optimas

239 1146 407 1184 quasque
444 1135 593 1183 patebat
623 1133 764 1172 telluris
799 1142 919 1181 partes
936 1161 950 1179 ‚
978 1141 1159 1180 quatenus
1191 1134 1281 1173 haec
1305 1146 1350 1173 eo

240 1213 406 1253 tempore
448 1212 538 1242 nota
577 1213 666 1242 erat.
742 1203 1023 1242 Extendebatur
1058 1215 1125 1251 per
1159 1192 1351 1253 Euffipam

242 1274 504 1312 occidentalem
539 1281 575 1312 et
607 1271 964 1323 septemtrionaiem,
991 1284 1057 1321 per
1094 1272 1246 1311 Africae
1260 1275 1357 1323 ‘par-

243 1354 344 1392 tem,
381 1355 447 1393 per
475 1343 645 1391 regiones
680 1341 856 1391 quasdam
892 1342 1011 1382 Asiae.
1068 1343 1251 1392 Capiebat
1285 1343 1357 1394 igi·

240 1425 302 1452 mr
336 1413 506 1460 Italiam,
559 1411 694 1451 insulas
731 1410 850 1450 Maris
887 1411 1054 1458 Interni,
1100 1412 1351 1461 Hispaniam,

241 1472 428 1532 Galliam,
464 1482 712 1532 regionesque
748 1488 887 1518 ceteras
925 1481 1127 1528 Europae,
1159 1481 1354 1520 Graeciam

239 1563 277 1607 et
311 1553 432 1593 Afiam
469 1553 662 1591 minorem.
717 1551 841 1601 Hujus
875 1557 948 1589 tam
983 1549 1079 1589 vasti
1103 1549 1248 1607 imperii
1273 1551 1355 1590 Ro·

241 1635 298 1661 ma
334 1631 448 1671 caput
485 1630 588 1669 erat,
637 1620 756 1661 totius
797 1628 975 1676 terrarum
1023 1618 1125 1658 orbis
1167 1629 1356 1664 centrum.

241 1691 312 1731 Per
341 1691 508 1729 colonias
544 1689 705 1728 Romani
732 1678 928 1728 in'omnes
965 1688 1118 1737 disperii
1142 1698 1246 1739 erant
1272 1702 1356 1741 par-

242 1769 326 1809 tes,
380 1759 696 1808 et.regionibus,
748 1770 840 1808 quas
876 1757 1128 1808 subJecerant‚
1182 1759 1356 1798 dederant

245 1833 347 1881 leges
373 1829 480 1878 suas;
523 1840 599 1876 quo
638 1828 807 1874 factum,
850 1836 894 1865 ut
944 1835 1018 1865 tam
1054 1827 1213 1878 coloniis
1247 1840 1358 1877 quam

244 1887 606 1949 legibus‘Romanis
640 1905 746 1936 totus
781 1896 884 1935 orbis
922 1897 968 1935 ad
1004 1896 1117 1936 unius
1149 1898 1267 1937 veluti
1307 1898 1362 1937 ci·

246 1971 374 2010 vitatis
420 1969 599 2015 rationem
646 1967 929 2015 firmitatemque
978 1967 1070 2006 esset
1112 1968 1360 2018 compofitus.

248 2041 359 2081 Fines
386 2040 501 2090 hujus
534 2036 678 2087 imperii
703 2037 877 2086 patebant
906 2047 973 2085 per
1005 2036 1193 2085 orientem,
1215 2034 1261 2076 ad
1280 2038 1362 2077 Eu·

249 2112 440 2159 phratem;
475 2120 541 2159 per
572 2108 759 2147 meridiem
793 2107 838 2145 ad
875 2106 956 2146 Nili
989 2114 1213 2155 cataracta,
1239 2107 1358 2146 deser-

249 2190 362 2229 taque
399 2179 545 2220 Africae
570 2188 606 2216 et
642 2187 805 2224 montem
829 2177 1047 2224 Atlanteum
1083 2187 1151 2226 per
1188 2177 1360 2216 occiden-

251 2259 328 2288 tem
360 2250 404 2288 ad
437 2249 651 2296 Oceanum3
699 2248 749 2288 ad
785 2246 960 2286 Rhenum
992 2255 1028 2286 et
1051 2246 1263 2287 Danubium
1293 2258 1362 2300 per

1280 2316 1362 2366 sep·
