1487 2850
224 216 272 262 28
446 213 1118 262 COMMENTATIO

221 338 377 370 coactus
407 337 486 369 est:
516 331 619 379 quod
651 330 800 378 quidem
832 329 974 368 crudeli
1008 329 1331 380 sanguinariaeque

223 401 310 450 Caji
333 399 450 438 indoli
485 407 544 438 est
580 399 838 438 tribuendum:
876 407 956 436 tum
991 410 1081 437 vero
1105 399 1214 437 etiam
1245 398 1336 447 quia

219 470 354 508 Macro
381 467 484 517 saepe
511 468 774 506 adhortabatur
803 467 936 516 Cajum
952 494 965 514 ,
994 476 1037 504 ut
1068 467 1332 506 modestiorem

217 539 255 578 se
273 546 429 589 gereret.
475 538 677 585 Postquam
697 545 859 585 quatuor
880 548 997 574 annos
1023 544 1238 584 regnaverat
1257 537 1332 576 Ca-

214 608 355 656 ligula,
382 606 600 645 interfectus
625 615 682 644 est
711 618 731 644 a
764 604 893 644 Casfio
932 606 1121 652 Chaerea,
1147 614 1184 644 et
1209 606 1332 645 Corn.

216 677 386 723 Sabino,
425 677 608 715 Tribunis
632 676 792 713 militum
823 675 1158 715 Praetorianorum.
1211 676 1335 715 Chae-

215 759 276 787 rea
299 747 357 786 vir
381 745 606 785 fortisfimus
640 745 716 784 fuit
731 773 745 793 ‚
770 746 1028 796 ἁρχαιότροπός
1053 761 1107 790 τις
1135 748 1243 795 ἀνὴρ,
1283 754 1328 784 ut

213 819 267 857 ait
293 817 415 865 Dio,
443 817 507 865 qui
530 827 640 866 grave
664 816 703 854 in
730 815 865 864 Cajum
892 816 1018 852 odium
1042 814 1215 854 habebat.
1242 815 1336 855 Ete-

212 887 291 926 nim
325 886 469 935 saepius
497 886 614 935 cajus
643 895 727 921 eum
766 884 888 921 virum
916 883 1169 922 effeminatum
1201 895 1337 923 vocare

213 956 379 1003 solebat,
418 964 456 994 et
489 955 517 994 fi
547 955 689 1003 lignum
724 961 896 1001 peteret,
923 952 1106 990 Venerem
1143 961 1208 991 aut
1234 952 1336 991 Pria-

214 1038 308 1076 pum
337 1025 421 1064 dare
446 1024 533 1075 (1).
584 1024 716 1070 Itaque
753 1021 793 1059 hi
823 1020 985 1059 Tribuni
1012 1032 1097 1059 cum
1130 1021 1212 1060 aliis
1237 1023 1335 1060 mul-

211 1097 263 1135 tis
295 1095 592 1145 conjurationem
630 1100 760 1130 contra
809 1092 944 1142 Cajum
982 1093 1170 1140 inierunt,
1213 1094 1329 1143 cujus

212 1166 323 1206 etiam
352 1163 492 1203 conscii
516 1171 619 1202 erant
649 1162 831 1201 Praefecti
863 1162 1068 1201 Praetorio.
1115 1163 1197 1212 Jam
1227 1174 1334 1202 occa-

212 1237 315 1276 fione
337 1233 515 1273 facinoris
542 1232 778 1282 perpetrandi
794 1232 876 1270 data
890 1260 903 1278 ‚
921 1233 1025 1280 (nam
1045 1232 1182 1270 festum
1208 1233 1329 1281 quod-

213 1307 296 1345 dam
321 1305 360 1343 in
383 1303 521 1353 palatio
546 1302 752 1340 celebrabat
780 1302 950 1350 cnjus),
967 1302 1133 1340 Chaerea
1153 1314 1238 1341 cum
1252 1304 1326 1342 suis

211 1377 346 1427 Cajum
380 1385 402 1413 e
435 1374 579 1411 theatro
615 1380 811 1410 exeuntem
844 1370 1095 1419 exspectavit,
1121 1371 1328 1420 egressum-

212 1457 288 1495 que
321 1445 474 1482 adortus
515 1441 593 1479 ictu
632 1442 786 1479 humum
821 1439 1043 1489 prostravit3
1087 1469 1111 1488 ,‚
1137 1450 1174 1479 et
1201 1443 1327 1492 J'aeen·

213 1544 239 1564 ‚‚
263 1523 363 1562 tem,
391 1512 515 1560 inquit
546 1512 571 1548 S
586 1519 708 1549 ueto
723 1510 868 1558 nius,
905 1511 1188 1559 contractisque
1211 1524 1328 1551 mem-

212 1615 239 1636 „
263 1585 342 1623 bris
362 1583 607 1621 clamitantem
629 1580 664 1618 se
689 1579 817 1617 vivere
832 1607 847 1627 ‚
869 1580 984 1618 ceteri
1013 1581 1231 1620 vulneribus
1259 1583 1329 1621 tri-

214 1685 240 1705 „
265 1655 366 1703 ginta
391 1651 652 1690 confecerunt.
703 1650 802 1687 Nam
842 1649 984 1698 {ignum
1017 1659 1094 1688 erat
1125 1652 1322 1702 omnium,

214 1755 239 1774 „
264 1725 425 1772 Repete.
440 1721 465 1738 ”
515 1721 604 1770 Quo
634 1718 763 1765 facto,
799 1719 1019 1756 Praetoriani
1051 1721 1328 1760 tumultuaban-

158 1780 161 1783 Ι
209 1804 294 1841 tur,
319 1802 355 1831 et
391 1789 570 1838 rogabant
605 1799 761 1834 ornnes,
791 1788 878 1835 quis
915 1788 1048 1836 Cajum
1083 1789 1322 1831 trucidassetz

207 1864 333 1904 subito
358 1860 530 1899 Valerius
565 1857 775 1901 Afiaticus‚
805 1856 862 1893 vir
885 1855 1115 1904 consularis,
1144 1859 1319 1906 prodiens

207 1932 450 1973 exclamabat:
496 1956 520 1976 ‚‚
545 1928 698 1966 Utinam
728 1937 798 1975 ego
831 1926 948 1975 ipsum
969 1970 972 1973 ,
990 1927 1322 1979 interfecissem','’

210 2002 350 2054 quibus
381 1998 505 2039 verbis
532 1997 642 2037 sedati
671 1997 755 2035 sunt
781 1997 916 2035 milites
941 1996 1026 2046 (2).

199 2073 202 2078 “
1247 2053 1324 2092 Ca-

244 2124 299 2160 (1)
319 2124 389 2152 Post
405 2121 598 2151 interfectum
621 2119 729 2153 cajum
748 2118 896 2148 Consules
915 2120 1025 2154 lignum
1045 2119 1209 2150 Libertatis
1220 2122 1318 2152 Chae—

208 2189 278 2212 reae
295 2178 412 2216 petenti
432 2179 592 2207 dederunt.

244 2239 298 2274 (α)
319 2238 423 2266 Suet.
455 2236 488 2262 in
517 2235 620 2270 Calig.
644 2242 669 2263 t.
694 2235 817 2269 56—59.
849 2232 937 2262 nio.
965 2234 987 2262 1.
1015 2233 1097 2263 LIX.v
1116 2242 1141 2263 ε,
1166 2242 1213 2271 29.
1235 2236 1315 2273 seqq,

208 2296 302 2326 conf.
325 2301 413 2323 notae
436 2294 472 2321 ad
493 2293 522 2321 h.
544 2293 565 2321 1.
