1487 2850
288 227 338 266 ¹4
511 215 1168 259 COMMENTATlo

288 325 457 365 nationes
491 324 664 364 observet
697 326 924 374 temporibus
953 326 994 365 T‘
1019 328 1126 366 etvt'.
1175 326 1254 376 Jam
1288 325 1394 365 diffe-

287 395 404 433 rentia
419 394 512 431 inter
535 394 797 431 adscensiones
817 396 926 432 lunae
950 405 1062 442 atque
1085 397 1210 434 stellae
1222 405 1277 434 est
1290 396 1392 434 T-ae

287 474 358 512 pro
379 463 618 500 observatore
645 461 709 510 A,
736 470 773 500 et
799 463 946 501 T‘—t'
974 475 1041 511 pro
1065 463 1111 501 B.
1164 464 1294 513 Itaque
1313 464 1345 503 si
1369 481 1394 505 οι

291 539 346 569 est
371 530 562 569 adscensio
591 532 746 578 stellae,
774 532 965 571 adscensio
993 533 1100 572 lunae
1131 533 1222 573 erit:

403 611 463 639 1..
492 599 534 638 A
554 600 897 649 :oc-l-(T—t)

401 663 441 690 α.
494 651 912 701 Α’Ξα-ι-(Ρ-ιυ,

287 719 534 769 Differentia,
563 732 673 770 quam
704 721 897 759 adscensio
927 723 1034 760 lunae
1064 722 1205 771 subiit,
1233 724 1328 764 erit:

489 788 1178 840 A‘—A=(T'—-t')—(T--t).

338 857 505 897 Evanuit
528 858 720 896 adscensio
758 859 898 897 stellae.
951 859 1156 899 Remanent
1180 868 1300 899 autem
1322 861 1396 900 dif-

286 927 463 966 ferentiae
490 927 824 976 culminationum,
875 928 915 966 in
946 929 1108 976 quibus,
1157 930 1189 967 si
1220 931 1395 969 mediocri

287 997 402 1035 modo
434 997 634 1045 horologio
663 1008 756 1036 usus
791 996 934 1044 fueris,
973 1000 1100 1036 nullus
1133 1009 1236 1037 error
1273 999 1396 1052 inesse

287 1074 445 1114 potest:
472 1077 556 1105 nam
584 1074 622 1106 et
653 1066 765 1106 breve
800 1075 857 1105 est
887 1066 1147 1116 intervallum,
1173 1080 1294 1117 neque
1317 1068 1398 1118 ipsa

283 1135 482 1174 retardatio
506 1136 680 1175 absoluta
713 1146 984 1186 cognoscatur,
1018 1148 1086 1175 nec
1111 1139 1394 1178 instrumentum

285 1212 411 1244 exacte
436 1205 474 1245 in
501 1206 700 1246 meridiano
725 1207 892 1256 positum
919 1207 993 1255 sit,
1021 1218 1170 1246 necesse
1195 1216 1266 1247 est.

784 1306 893 1352 §3-

496 1385 730 1426 Altitudines
762 1385 990 1423 meridianae
1015 1386 1181 1424 lunares.

335 1474 544 1514 Methodus
598 1476 731 1514 haecce
782 1485 865 1512 cum
920 1458 1150 1512 antecedenti
1192 1473 1395 1516 arctissime

285 1543 484 1592 cohaeret,
509 1544 555 1582 ab
583 1555 699 1592 eaque
720 1544 770 1581 ita
796 1542 943 1590 differt,
972 1552 1013 1581 ut
1035 1543 1267 1589 adscensioni
1289 1535 1395 1581 lunae

285 1614 491 1663 declinatio}
512 1614 775 1652 substituatur.

338 1685 488 1734 Quodsi
526 1684 683 1722 altitudo
726 1683 923 1722 meridiana
959 1685 1067 1722 lunae
1100 1696 1120 1722 a
1156 1683 1304 1721 duobus
1338 1693 1398 1721 as·

285 1753 470 1791 tronomis
511 1753 758 1801 observetur,
800 1753 1098 1801 applicatisque,
1147 1764 1240 1800 quae
1264 1752 1311 1792 ab
1338 1753 1396 1791 in-

285 1823 482 1860 strumenti
517 1822 645 1869 vitiis,
693 1823 970 1870 atmosphaerae
1014 1822 1051 1859 vi
1087 1821 1307 1870 refractiva,
1359 1831 1397 1860 et

287 1890 539 1930 observatoris
593 1892 872 1930 excentricitate
924 1900 1025 1929 ortae
1072 1889 1211 1929 fuerint
1234 1919 1250 1939 ,
1293 1902 1397 1929 ·cor·

283 1959 536 2007 rectionibus,
586 1960 742 1998 altitudo
778 1960 863 1999 inde
906 1972 991 1998 vera
1024 1968 1278 2008 supputetur,
1322 1971 1396 2012 ope

282 2014 487 2069 latitudinis
515 2030 685 2079 cognitae
711 2039 868 2079 uterque
900 2031 1009 2069 lunae
1039 2030 1319 2069 declinationem
1341 2030 1398 2069 inb

286 2098 436 2146 veniet,
473 2110 566 2147 quae
593 2100 717 2137 locum
741 2099 911 2138 habuerit
933 2111 978 2138 eo
1003 2108 1197 2148 tempore,
1220 2111 1298 2148 quo
1321 2110 1398 2138 me·

284 2167 464 2206 ridianum
491 2170 550 2206 sui
575 2170 716 2207 scilicet
741 2170 814 2207 loci
842 2169 1028 2207 transiret.
1083 2168 1290 2207 Declinatio
1322 2168 1394 2206 hoc

290 2237 402 2276 modo
424 2236 572 2276 definita
599 2238 643 2276 ab
679 2238 718 2275 A
741 2238 789 2275 sit
811 2241 854 2284 δ,
882 2249 901 2274 a
928 2238 958 2274 B
986 2237 1035 2274 sit
1055 2239 1116 2283 3'3
1142 2238 1232 2275 erit:

597 2301 1073 2348 24hzna=xza¹—a‚
1331 2308 1395 2388 ubi'
