1487 2850
1078 178 1210 210 XXXI

99 325 278 379 Senatu,
318 312 442 380 atque
482 319 744 367 adstantibus
763 315 767 319 ’
786 318 1062 365 Curatoribus
1098 317 1218 364 aliis-

103 416 185 459 que
229 400 301 458 qui
357 407 403 444 ut
456 399 702 443 interessent
769 398 906 456 rogati
954 404 1097 451 erant,
1140 397 1221 442 vi-

102 479 162 523 ris
201 477 445 530 honoratis,
492 476 614 534 hujus
659 475 739 520 diei
766 475 887 519 >hora
930 475 1224 534 pomeridiana

103 556 265 615 prima,
309 555 354 598 in
395 553 539 614 palatii
570 554 690 606 aula,
721 553 883 597 Rector
915 551 1093 596 Cohorti
1123 566 1228 597 aca-

107 632 294 677 demicae
333 640 378 675 et
419 631 610 675 vexillum
650 629 844 684 tradidit,
893 630 1009 687 quod
1050 629 1230 675 Profes-

107 724 251 754 sorum
291 709 398 753 filiae
439 709 661 752 nonnullae
705 714 984 761 ornaverant,
1036 715 1081 750 et
1126 722 1231 765 gra-

108 787 278 832 vissima
337 785 567 842 eademque
637 783 936 829 humanissima
997 785 1231 843 compella-

107 863 222 907 tione
258 861 467 908 valedixit.
536 862 667 914 Tum,
700 861 878 920 eleganti
905 861 1088 906 carmine
1117 861 1231 906 reci-

110 948 225 994 tato,
267 941 319 985 cl.
350 943 593 985 Romanos
633 939 780 983 iisdem
810 939 1039 983 Juvenibus
1070 939 1232 998 optima

114 1032 304 1073 quaeque
347 1023 600 1075 apprecatus
649 1023 722 1060 est.
803 1016 994 1060 Tandem
1024 1017 1233 1061 Juvenum

114 1107 259 1138 eorum
303 1093 665 1145 academicorum,
710 1093 781 1149 qui
818 1107 897 1151 per
941 1109 1009 1138 res
1050 1109 1147 1138 suas
1177 1095 1233 1139 ab

115 1169 242 1213 armis
300 1168 567 1229 capessendis
625 1169 779 1213 exclusi
840 1177 986 1224 erant,
1046 1171 1236 1231 Delegati

117 1246 505 1300 Commilitonibus‚
549 1245 593 1290 in
636 1246 825 1290 militiam
863 1247 1063 1302 abituris,
1094 1250 1235 1308 palam

115 1323 403 1382 significarunt
446 1331 486 1368 et
521 1339 646 1381 quam
689 1324 871 1383 graviter
899 1333 1056 1370 sortem
1090 1342 1235 1382 suam,

117 1402 202 1458 qua
252 1404 296 1445 a'
329 1402 468 1461 patria
516 1401 780 1446 defendenda
836 1402 919 1461 ipsi
966 1412 1238 1460 arcerentur,

119 1479 332 1531 dolerent,
378 1486 418 1523 et
460 1480 617 1536 quanta
655 1493 748 1523 cum
782 1479 1058 1526 admiratione
1089 1482 1239 1527 fortis-

119 1556 271 1600 simum
301 1554 519 1600 Sodalium
556 1570 726 1600 suorum
767 1545 1031 1615 propositum
1075 1574 1242 1619 appro-

120 1632 283 1677 barent.
372 1632 580 1677 Universa
643 1640 782 1676 autem
832 1633 937 1678 haec
984 1636 1239 1692 solennitas,

123 1708 279 1752 decoro
321 1709 429 1762 ritu,
473 1723 552 1753 nec
589 1709 678 1753 sine
707 1712 861 1768 magna
890 1713 1088 1758 mentium
1118 1729 1242 1759 com-

121 1785 333 1840 motione,
364 1793 563 1845 peracta,
593 1787 747 1843 quibus
780 1787 1014 1834 animorum
1048 1792 1240 1838 sensibus

120 1870 167 1910 ‘et
207 1878 334 1919 quam
378 1863 522 1907 faustis
567 1864 674 1908 votis
716 1864 921 1920 Juvenes,
959 1867 1004 1910 in
1052 1868 1242 1913 militiam

126 1939 315 1983 abituros
330 1972 341 1993 ,
374 1954 467 1984 cum
490 1941 757 1986 Professores
780 1943 1016 2001 caeterique
1045 1945 1134 1990 Viri
1160 1947 1245 1991 ho·-

121 2017 265 2061 norati
310 2024 690 2076 prosequerentur,
731 2025 823 2063 tum
863 2020 1097 2067 Literarum
1122 2023 1245 2070 ›Stu-

127 2094 238 2140 diosi
266 2108 412 2140 omnes
421 2126 434 2150 ,
463 2095 783 2142 luculentissime
812 2097 1127 2146 demonstravit.

1148 2254 1243 2300 An-
