1487 2850
309 227 963 268 AsTRONomlcm
1147 239 1195 277 Q

94 338 159 378 ubi
181 338 248 379 Δδ
272 344 329 376 est
353 337 483 376 diurna
507 336 661 375 variatio
692 335 949 376 declinationis
978 342 1014 373 et
1042 348 1069 373 x
1092 335 1198 384 ipsa,

88 418 187 456 quae
213 405 480 455 quaerebatur,
506 405 750 454 longitudinis
773 404 978 443 differentia
1003 404 1085 453 (1).

141 476 216 516 Sed
241 476 280 514 in
309 484 502 515 nautarum
536 487 645 514 usum
680 477 811 514 haecce
840 475 1037 513 methodus
1068 475 1198 523 paullo

91 544 272 584 diversam
302 545 430 585 induat
452 544 623 584 formam.
676 545 907 583 Observetur
932 544 1089 582 altitudo
1121 556 1198 582 me-

89 614 229 670 ridiana
254 616 383 664 lunae3
412 616 497 654 inde
529 615 688 664 primum
715 614 871 652 altitudo
899 625 983 652 vera
1009 625 1061 660 a,
1083 615 1197 661 dein,

89 685 272 733 applicata
319 685 513 724 latitudine
558 689 619 733 φ,
679 683 876 721 declinatio
951 691 1195 732 supputetur.

90 754 149 793 Sit
171 754 231 793 illa
254 757 298 802 δ,
326 763 363 792 et
384 755 488 793 cadat
517 753 614 791 inter
640 753 731 790 duas
757 752 1049 800 declinationes,
1077 765 1101 789 n
1128 752 1196 789 ho-

87 823 140 863 ris
165 825 358 864 distantes.
413 824 538 872 Tum,
575 823 608 861 si
635 834 701 871 per
732 822 824 860 illud
859 831 1008 872 tempus
1038 821 1107 859 tibi
1132 833 1198 859 su-

88 904 168 933 mas
198 903 419 944 progressus
448 893 764 940 uniformitatem,
792 893 884 932 erit:

429 972 462 1005 Δ
474 967 494 1005 δ
509 976 519 1002 :
536 966 556 1005 δ
568 984 621 993 -
631 962 662 999 d
672 977 724 1001 =
735 974 759 1000 n
773 974 784 1001 z
800 976 843 1002 x.

86 1032 175 1072 Pars
206 1033 497 1082 proportionalis
530 1047 587 1081 x,
612 1033 733 1071 addita
767 1033 879 1071 horae
909 1032 962 1080 T,
992 1044 1064 1081 qua
1085 1033 1198 1070 decli-

86 1100 188 1139 natio
211 1101 240 1140 Δ
264 1103 389 1140 locum
415 1101 613 1150 habuerit,
639 1101 742 1140 dabit
764 1103 892 1141 horam
923 1103 1198 1141 culminationis

90 1169 408 1209 Grenovicensem
425 1183 438 1209 ε

599 1234 728 1275 δ-ιί

626 1307 691 1345 Δδ

85 1364 316 1413 computata
355 1365 482 1413 itaque
502 1395 516 1414 ,
574 1366 655 1405 sive
689 1378 734 1405 ex
782 1366 1014 1415 ephemeride
1029 1393 1042 1414 ‚
1103 1376 1198 1413 quae

84 1435 300 1483 suppeditet
327 1435 503 1474 transitus
541 1435 835 1475 Grenovicensis
862 1438 989 1475 horam
1017 1435 1200 1484 (adhibita

88 1504 346 1552 correctione,
374 1517 447 1553 qua
468 1505 530 1543 illa
563 1507 760 1544 reducatur
786 1508 830 1545 ad
865 1506 969 1544 navis
996 1504 1203 1553 longitudi-

88 1574 195 1622 nem)
209 1573 288 1612 sive
300 1585 345 1612 ex
366 1575 626 1614 observatione
647 1577 865 1614 simultanea
883 1575 974 1613 solis
998 1575 1199 1621 stellaeve‚

87 1642 168 1681 sive
190 1651 358 1692 tempore
379 1644 525 1683 aliunde
546 1644 728 1692 cognito,
755 1667 811 1676 —
837 1644 1052 1693 computata
1073 1643 1201 1690 itaque

86 1712 269 1750 transitus
293 1713 387 1750 hora
411 1725 478 1762 per
511 1714 755 1752 meridianum
787 1721 959 1752 nostrum
997 1714 1059 1761 τ’,
1096 1711 1204 1750 diffe-

86 1778 206 1818 rentia
236 1780 410 1819 horarum
436 1783 573 1822 -t—‘t‘
598 1783 881 1821 meridianorum
906 1782 1064 1830 angulus
1089 1781 1172 1819 erit.

138 1849 315 1889 Ceterum
337 1850 700 1891 animadvertendum
724 1861 810 1901 est,
837 1853 877 1890 in
904 1852 972 1890 hac
997 1852 1199 1898 methodo,

87 1918 186 1957 sicut
217 1919 256 1957 in
286 1921 543 1970 antecedenti,
570 1922 638 1961 ubi
659 1921 866 1961 differentia
889 1923 1070 1971 temporis
1102 1922 1199 1960 inter

88 1988 303 2029 annuntiata
325 1991 432 2029 lunae
456 1993 540 2030 loca
566 1993 680 2041 paulo
701 1993 817 2043 major
839 1993 888 2031 sit
902 2021 914 2042 ,
941 2001 1053 2041 atque
1088 1993 1199 2030 lunae

87 2066 214 2098 motus
250 2060 340 2098 adeo
369 2072 435 2109 per
465 2061 559 2101 illud
585 2070 734 2111 tempus
760 2063 957 2102 uniformis
984 2061 1110 2100 haberi
1134 2072 1200 2100 ne-

1064 2140 1201 2181 queat,

403 1267 588 1312 ⁰r=T-{-

744 1296 754 1307 ·
769 1282 809 1309 77.

121 2227 175 2266 (ι)
195 2229 384 2266 Oltmans,
414 2229 446 2260 in
482 2231 612 2267 Rode,
641 2231 773 2260 Astron.
804 2232 982 2269 Jahrhnch.
1010 2237 1103 2271 1824,
1124 2240 1191 2269 pag.

88 2290 153 2317 181.
