1487 2850
363 215 1026 258 ASTRONOMICA.
1223 234 1247 271 9

145 329 281 368 solent.
346 326 444 365 Aliis
484 327 590 365 etiam
625 327 840 365 nominibus
879 328 1001 365 eadem
1039 339 1096 365 res
1142 327 1256 376 signi·

145 398 300 436 ficatur:
356 396 394 434 in
440 396 501 434 his
534 397 718 435 distantia
763 399 1063 448 acqtmtorialis;
1113 397 1259 437 distan-

146 471 205 506 tia
230 471 271 506 in
296 476 526 518 aequatorc,
565 469 662 515 (non
701 467 963 506 confundenda
997 480 1082 506 cum
1117 468 1261 506 distan-

145 540 203 577 tia
224 539 272 576 ab
298 538 548 590 aequatore);
587 536 801 586 dtflcrentia
835 539 976 576 horulis
989 553 1006 587 ,·
1043 536 1260 586 differentia

141 611 330 660 temporis.
358 609 431 648 Sed
455 609 588 646 horum
613 607 863 655 posteriorum
893 607 1026 655 origo,
1068 608 1154 654 quia
1180 615 1261 644 tan-

143 687 222 718 tum
245 691 323 718 non
347 678 512 717 omnium
537 678 799 716 methodorum
825 677 997 725 deinceps
1023 677 1264 725 {explicanda-

144 760 226 787 rum
258 748 539 788 fundamentum
575 755 658 794 est,
697 747 828 794 paucis
871 747 943 785 hoc
977 747 1063 784 loco
1098 745 1263 785 iudican-

143 819 188 857 da
213 827 288 857 est.

194 890 481 927 Firmamentum
506 888 651 934 hocce,
679 887 739 925 cui
763 888 887 924 stellas
914 887 1038 925 affixas
1074 886 1263 935 conspici-

142 969 259 1005 mus,
284 959 418 996 diurno
452 966 557 996 motu
584 958 723 995 circum
759 958 855 995 axim
895 957 1022 994 mundi
1043 986 1055 1004 ‚
1094 957 1158 1005 qui
1202 966 1262 994 est

144 1036 263 1066 terrae
306 1027 412 1074 axis,
465 1027 787 1066 circumvolvitur.
864 1027 924 1066 Sic
974 1028 1072 1065 enim
1127 1027 1262 1067 statui-

143 1108 255 1144 mus;
284 1107 360 1143 ne,
386 1098 519 1135 tellure
542 1099 669 1144 motu,
698 1097 860 1145 speciem
887 1098 1077 1135 doctrinae
1101 1099 1261 1145 aliquam

140 1165 421 1216 praeferentes,
458 1176 716 1214 argumentum
757 1166 957 1204 obscurare
992 1167 1107 1216 magis
1147 1178 1258 1215 quam

141 1235 327 1273 illustrare
360 1235 561 1274 videamur.
616 1236 747 1282 Itaque
781 1236 894 1274 unius
921 1236 992 1274 dici
1021 1236 1144 1284 spatio
1181 1247 1262 1274 om-

140 1305 202 1344 nia
234 1305 352 1344 sidera
384 1305 624 1344 meridianum
665 1305 901 1353 transibunt,
942 1306 1014 1342 hoc
1046 1315 1102 1342 est
1131 1306 1264 1343 culmi-

143 1375 300 1414 nabzmt.
355 1375 462 1425 Quae
494 1384 614 1413 autem
655 1375 759 1412 stella
790 1375 993 1421 effiminat,
1031 1375 1120 1412 haec
1149 1374 1263 1413 simul

141 1445 321 1483 culminat
347 1445 520 1482 omnibus
535 1473 546 1488 ‚
570 1445 632 1491 qui
657 1445 694 1482 iu
719 1445 847 1482 eodem
873 1445 1167 1483 semimeridiano
1189 1454 1263 1483 ter·

143 1526 206 1553 rae
232 1515 423 1553 habitant:
466 1515 620 1562 reliquis
649 1514 957 1553 observatoribus
979 1525 1042 1553 aut
1065 1516 1174 1564 prius
1198 1525 1263 1554 aut

145 1585 265 1623 serius
302 1585 535 1624 culminabit.
577 1587 628 1624 Et
657 1586 833 1633 quoniam
858 1593 999 1623 astrum
1025 1587 1188 1632 quodvis
1212 1587 1259 1624 ab

146 1655 290 1695 oriente
312 1655 540 1695 adscendens
554 1685 563 1701 ‚
581 1656 625 1694 ad
638 1666 708 1692 nos
732 1655 1163 1703 pervenit,occidentem
1178 1667 1261 1693 ver-

143 1736 209 1763 sus
237 1734 552 1774 properaturum,
581 1733 733 1773 apparet
757 1725 795 1762 in
822 1725 915 1763 locis
952 1725 1257 1764 orientalioribus

141 1795 247 1844 prius
266 1823 280 1842 ‚
305 1795 424 1833 serius
461 1795 500 1832 in
525 1794 878 1833 occidentalioribus
903 1794 998 1833 idem
1038 1795 1258 1836 culminare.

140 1864 353 1905 Discrimen
394 1864 574 1912 quaeris?
623 1864 829 1904 Revolutio
862 1865 959 1903 coeli
997 1878 1045 1913 24
1081 1866 1258 1904 horarum

138 1934 351 1973 sideralium
386 1936 507 1982 spatio
550 1935 774 1975 absolvitur.
829 1936 946 1984 Finge
969 1935 1045 1973 *tibi
1082 1937 1256 1986 stellam,

135 2005 244 2053 cujus
276 2005 435 2052 angulus
471 2005 642 2043 horarius
670 2005 862 2043 orientalis
886 2005 998 2042 nobis
1024 2006 1074 2042 sit
1109 2017 1154 2054 15
1176 2018 1260 2056 gra-

135 2076 266 2115 duum.
297 2074 399 2113 Haec
421 2085 465 2114 eo
490 2083 659 2123 tempore
682 2075 860 2113 culminat
890 2075 965 2123 iis,
996 2086 1156 2122 quorum
1180 2088 1259 2114 me-

133 2144 299 2183 ridianus
324 2156 345 2182 a
365 2153 498 2181 nostro
534 2155 580 2191 15
605 2144 779 2193 gradibus
806 2144 930 2183 distat.
972 2145 1078 2183 Istud
1107 2158 1128 2183 e
1153 2146 1257 2184 simi-

133 2213 291 2251 litudine
311 2213 509 2262 globorum
525 2212 759 2261 intelligitur.
791 2214 864 2252 Sed
889 2225 935 2263 15
964 2215 1100 2263 gradus
1120 2227 1257 2254 unum·

136 2285 316 2334 quodque
364 2284 467 2322 siclus
506 2287 578 2322 una
624 2284 683 2323 sui
719 2284 899 2334 tempoaeis
939 2285 1032 2324 hora
1070 2286 1248 2325 decurrit.

1177 2355 1247 2393 Ita-
