1487 2850
297 209 950 252 AsTRONomtcA.
1106 222 1177 262 129

72 319 188 359 simus
222 318 444 366 illiberales,
485 328 520 357 et
557 328 676 358 tamen
709 320 768 358 bis
801 328 944 359 tantum
974 329 1040 368 per
1072 330 1175 357 men-

70 399 148 426 sem
174 388 358 436 (exceptis
392 388 510 426 tribus
543 388 609 436 iis,
637 400 703 438 per
732 401 828 438 quos
855 389 1010 438 eclipses
1046 390 1174 427 obser-

70 456 146 494 vari
181 466 399 504 nequeunt,
427 458 683 507 conjunctioni
709 458 912 508 proximis)
942 458 1032 497 mari
1055 458 1177 508 longi-

70 525 162 564 tudo
190 526 334 564 definiri
363 536 507 574 posset.
984 579 986 581 ‚

117 595 222 644 Quae
254 607 339 634 cum
372 596 421 634 ita
453 597 553 643 sint,
582 605 618 634 et
642 596 744 644 istud
776 597 868 634 tanti
904 596 1079 645 ponderis
1105 598 1177 645 sit,

67 665 170 712 quod
192 677 305 713 supra
324 666 396 714 jam
424 673 459 702 et
478 665 721 703 indicavimus
747 674 783 702 et
808 665 991 711 ursimus,
1020 675 1060 714 ut
1080 677 1176 712 quo-

63 733 155 771 tidie
186 734 309 771 ubivis
343 734 562 772 instituendi
587 735 802 772 methodum
826 734 1090 787 opportunitas
1110 734 1174 772 ad-

64 801 140 848 sit,
192 802 429 851 intelligitur,
483 814 610 841 omnes
653 804 718 841 has
755 804 952 847 methodos
995 804 1193 852 genuinas.

60 870 300 919 problematis
329 872 538 910 solutiones
565 873 717 911 minime
743 885 822 911 esse
851 863 1050 912 habendas.

113 940 184 978 His
234 942 435 990 adjungere
474 941 730 990 potuissemus
776 931 983 992 Pigotti
1032 942 1176 981 metho-

58 1010 175 1056 dum,
204 1010 268 1057 qui
294 1012 466 1059 periodos
494 1012 681 1049 stellarum
709 997 940 1057 variabilium
968 1012 1172 1061 longitudi-

59 1079 99 1116 ni
125 1080 364 1118 inveniendae
391 1081 541 1118 idoneas
572 1081 847 1129 autumaveritg,
877 1093 1076 1119 memorare
1099 1093 1173 1130 po-

61 1148 256 1187 tuissimus
294 1150 557 1187 illustrationes
594 1159 629 1187 et
667 1149 949 1202 obscurationes
987 1150 1172 1188 montium

55 1219 238 1257 lunarium
257 1247 270 1265 ,
296 1228 332 1256 et
353 1219 440 1257 alias
464 1219 558 1256 bene
592 1220 743 1259 multas.
797 1220 870 1258 Sed
902 1212 968 1257 hae
1002 1217 1171 1257 methodi

57 1300 143 1326 cum
177 1287 361 1336 principio
398 1290 491 1326 male
529 1288 702 1326 fundatae
737 1289 828 1326 mihi
857 1299 940 1326 esse
963 1289 1166 1336 videntur,

58 1365 166 1405 tum,
205 1357 239 1395 si
276 1359 335 1395 vel
360 1359 501 1406 optime
527 1367 618 1397 terra
649 1357 828 1396 inservire
863 1367 1050 1406 possent,
1079 1359 1170 1398 tnari

55 1435 178 1466 tamen
203 1428 249 1466 ab
284 1439 413 1466 causas
454 1428 602 1477 saepius
640 1436 856 1466 memoratas
895 1429 1046 1466 inutiles
1084 1439 1170 1467 esse

47 1497 192 1547 judic0.

105 1567 282 1605 Ceterum
306 1569 408 1615 quod
430 1569 474 1606 ad
496 1567 636 1606 tertiam
656 1568 873 1606 methodum
894 1557 1050 1621 attinet,
1078 1569 1168 1608 haec

54 1636 144 1674 mihi
170 1645 264 1675 terra
286 1649 357 1675 una
390 1638 429 1675 in
456 1639 581 1686 paucis
613 1638 769 1676 maxime
798 1639 1085 1676 commendanda
1110 1651 1169 1677 es-

54 1716 95 1743 se
128 1706 289 1745 videtur.
341 1707 468 1746 Parvis
497 1716 618 1746 autem
650 1708 855 1747 intervallis
885 1709 1090 1758 convenit,
1115 1709 1170 1748 ita

1114 1785 1167 1817 ta·

53 1896 79 1913 „
99 1885 140 1906 on
164 1886 181 1907 a
205 1878 356 1914 medium,
378 1879 522 1910 obtained
548 1880 578 1908 in
598 1881 648 1909 the
666 1889 775 1910 course
793 1882 832 1910 of
845 1890 861 1911 a
878 1884 982 1911 whole
998 1891 1088 1918 year;
1109 1884 1168 1913 and

52 1953 78 1971 „
97 1942 152 1963 out
172 1935 210 1964 of
232 1935 290 1964 this
315 1937 462 1972 number,
493 1939 576 1966 small
607 1946 637 1967 as
663 1938 687 1966 it
713 1938 758 1973 is,
788 1939 810 1967 it
835 1939 860 1968 is
885 1947 939 1968 not
968 1942 1092 1969 unusual
1119 1941 1172 1969 for

41 2009 79 2034 ¹„
99 1998 184 2020 some
208 1992 246 2020 of
260 1993 341 2020 them
359 2000 391 2021 to
420 1993 506 2022 differ
522 1994 602 2022 from
621 1995 672 2023 the
697 1995 791 2024 tables
826 1995 1034 2031 considerably
1057 2004 1165 2033 more,

37 2067 74 2090 ²„
94 2048 163 2076 than
181 2049 230 2076 the
254 2048 390 2084 quantity
414 2050 486 2077 here
512 2050 700 2079 mentioned.
741 2053 808 2079 And
834 2051 864 2079 if
884 2051 942 2080 this
967 2052 1004 2085 be
1025 2053 1074 2080 the
1093 2061 1162 2081 case

47 2123 74 2140 „
93 2104 124 2132 in
150 2103 232 2133 fixed
251 2104 492 2140 observatories,
515 2106 617 2133 where
633 2107 703 2141 they
720 2115 768 2135 are
789 2107 901 2135 certain
927 2108 963 2135 of
982 2107 1060 2135 their
1085 2107 1158 2136 time

39 2175 75 2196 *„
96 2168 128 2189 to
149 2162 208 2189 less
227 2162 296 2189 than
319 2171 334 2190 a
354 2163 488 2195 second3
519 2163 599 2190 what
629 2170 707 2191 must
732 2164 781 2191 the
805 2164 960 2191 deviation
985 2165 1042 2199 be,
1071 2166 1162 2192 when

47 2217 148 2252 „this
178 2217 281 2246 article
311 2217 335 2246 is
369 2220 450 2250 also,
490 2218 519 2246 in
552 2226 636 2247 some
660 2220 790 2253 degree,
825 2220 996 2256 uncertain,
1026 2222 1082 2249 and
1107 2222 1157 2249 the

49 2291 74 2309 „
95 2273 303 2308 observations
325 2275 410 2303 made
436 2276 530 2304 under
555 2283 642 2310 many
665 2275 887 2310 disadvantages
897 2276 943 2308 ³.”

0 2323 2 2364 l
596 2332 614 2369 Ι

0 2365 5 2526 i

1 2540 9 2778 ἰ
