1487 2850
345 231 418 277 ns
553 220 1218 273 εὀΜΜΕΝΤΑΤιο

339 328 589 383 sei-vationum
622 339 819 386 bonitate,
856 351 876 377 a
912 340 1080 378 datorum
1123 342 1393 390 exactitudine,
1427 346 1448 382 a'

340 409 469 449 calculi
494 400 761 458 promptitate,
788 409 937 456 pendet.
991 409 1046 446 Ita
1074 410 1106 447 si
1135 412 1219 458 quis
1244 424 1264 449 e
1289 411 1446 450 bombae

338 475 464 528 sono,
493 487 556 518 aut
580 478 764 527 eclipseos
799 478 890 516 solis
918 478 1054 526 initio,
1088 479 1127 516 in
1162 480 1310 519 duobus
1347 481 1445 520 locis

339 549 565 595 observato,
625 547 829 589 immediate
845 575 858 595 ,
903 549 1006 596 quod
1057 545 1211 596 dicunt,
1275 550 1446 590 differen-

336 617 424 659 tiam
471 617 714 668 longitudinis
757 618 980 656 concludere
1029 619 1168 665 vellet‚
1219 618 1443 667 principium

335 689 447 739 huJus
470 687 636 726 methodi
669 687 828 734 falsum,
863 687 1030 735 adeoque
1055 695 1210 726 eventus
1234 688 1349 726 falsus
1383 688 1444 727 fo-

336 766 424 806 ret,
477 756 619 796 etiamsi
651 757 751 794 nulla
786 765 969 805 praeterea
1008 756 1183 795 vitiorum
1220 756 1451 795 observatio-

334 826 395 867 nis
432 823 526 866 ratio
571 825 763 865 habeatur.
836 826 1006 871 Contra,
1043 826 1187 864 tametsi
1221 825 1442 874 principium

333 897 395 936 vel
430 895 614 944 optimum
637 895 715 943 sit,
741 894 982 934 nihilominus
1006 895 1202 943 practicam
1229 905 1367 944 partem
1402 895 1445 933 in¹

332 974 507 1004 eventum
539 962 731 1003 maximam
767 966 842 1003 vim
874 965 1033 1011 habere,
1063 965 1227 1013 quotidie
1250 965 1439 1003 docemur.

330 1035 491 1085 Egregie
524 1030 803 1077 illustrissimus
833 1045 949 1084 Vvon
991 1035 1117 1072 Zach
1168 1061 1192 1081 ,‚
1232 1044 1396 1071 errorum
1417 1033 1442 1050 ”

330 1104 456 1153 inquit
501 1133 526 1155 ,‚
559 1104 598 1144 in
642 1104 964 1143 observationibus
1008 1103 1267 1142 astronomicis
1313 1103 1438 1142 fontes

334 1200 359 1223 „
384 1171 473 1212 sunt
496 1171 616 1222 ipsius
639 1175 874 1213 instrumenti
896 1174 984 1213 vitia
1005 1174 1202 1212 admodum
1228 1172 1434 1221 implicita,

332 1269 358 1292 „
384 1245 608 1292 detectuque
630 1245 740 1293 longe
760 1244 985 1282 difficillima.
1012 1243 1119 1281 Adde
1148 1253 1305 1280 errorem
1331 1241 1440 1278 recti-

331 1317 363 1363 „‘
383 1312 566 1353 ficationis
586 1326 599 1362 ;
627 1314 768 1362 quippe
794 1313 1016 1351 rectificandi
1038 1313 1142 1349 labor
1163 1321 1198 1349 et
1226 1311 1441 1349 difficultate

333 1408 359 1431 „
385 1392 421 1421 et
450 1383 630 1431 gravitate
667 1382 917 1419 observationi
955 1382 1026 1429 ipsi
1062 1381 1330 1429 aequiparanda
1363 1389 1439 1418 est.

331 1464 364 1500 „·
382 1450 426 1489 In
452 1461 605 1488 censum
634 1449 736 1488 venit
764 1449 980 1488 exercitatio
1007 1459 1041 1487 et
1064 1450 1233 1489 habilitas
1264 1450 1440 1489 observa-

312 1521 354 1570 '„
379 1519 501 1560 toris:
537 1519 739 1568 dispositio
772 1521 852 1569 eJus
887 1528 959 1557 tam
996 1521 1176 1569 physica,
1205 1532 1313 1568 quam
1347 1532 1438 1569 psy-

329 1618 355 1640 „
380 1590 506 1629 chica:
536 1590 705 1639 corporis
733 1589 818 1628 item
857 1589 952 1628 situs
988 1599 1024 1627 et
1052 1590 1295 1628 observatorii
1331 1590 1435 1638 posi-

328 1688 354 1712 „
380 1662 461 1700 tio:
488 1661 658 1700 conditio
683 1663 776 1699 aeris
808 1668 844 1698 et
871 1669 1127 1708 temperatura.
1180 1660 1337 1698 Accedit
1368 1659 1438 1697 ob-

328 1757 353 1780 „
372 1722 630 1769 ‘servatiOnum
658 1729 847 1768 reductio:
878 1730 1102 1767 incertitudo
1130 1730 1328 1776 datorum,
1356 1729 1438 1776 qui.-

329 1804 353 1849 ‘„
378 1789 452 1838 bus
475 1801 536 1838 illa
564 1800 717 1838 nitatur.
747 1800 942 1838 Accedunt
964 1811 1106 1838 errores
1129 1800 1166 1836 in
1189 1798 1434 1846 refractione,

326 1896 352 1918 „
376 1869 632 1917 aberratione,
660 1869 877 1916 nutatione,
905 1870 1076 1907 latentes.
1119 1869 1286 1907 Tandem
1310 1868 1437 1907 consi-

326 1965 352 1987 „
377 1938 527 1978 derandi
554 1945 642 1977 sunt
661 1949 803 1977 errores
818 1938 973 1985 calculi,
991 1939 1285 1987 typographiae,
1313 1939 1432 1987 scrip-

323 2036 349 2060 „
373 2006 477 2048 turae
492 2008 518 2026 ”
544 2008 628 2058 (1).
657 2009 828 2048 Eventus
857 2009 963 2048 etiam
995 2009 1167 2047 universe
1190 2009 1280 2048 mari
1305 2009 1430 2048 minus

317 2085 509 2119 accuratus
540 2077 641 2126 erit,
692 2089 802 2126 quam
833 2078 871 2115 in
905 2078 1160 2116 observatorio
1195 2078 1301 2126 fixo,
1356 2080 1430 2117 hoc

319 2155 403 2197 est,
442 2147 578 2188 limites
617 2151 780 2186 errorum
816 2147 875 2186 hic
907 2148 1164 2197 angustiores,
1205 2148 1279 2187 iilic
1313 2149 1431 2196 magis

1357 2217 1433 2257 dis·

338 2284 403 2342 Ι(ι)
424 2297 686 2333 Διησηοηιὶκῆη
701 2298 876 2336 Jahrbuch.
898 2297 1199 2338 supplement-band
1221 2299 1251 2335 1,
1273 2306 1341 2337 ¹29-
