2912 4368
782 1004 1444 1046 ASTRONOMICA.
1602 1016 1668 1052 133

613 1118 665 1157 Et
698 1116 1003 1155 culminationum
1030 1116 1245 1153 methodum
1272 1114 1418 1162 quidem
1448 1122 1540 1151 terra
1570 1113 1667 1161 opti-

562 1199 678 1234 mam,
713 1186 801 1224 mari
831 1197 985 1234 prorsus
1022 1185 1213 1232 inutilem,
1259 1196 1341 1222 esse
1374 1194 1523 1221 censeO.
1577 1183 1673 1220 Pos-

559 1257 686 1295 tremis
712 1257 815 1293 hisce
843 1255 1074 1303 temporibus
1100 1256 1158 1292 illa
1182 1256 1286 1292 valde
1312 1254 1508 1299 inclaruit,
1550 1255 1668 1299 estque

559 1325 796 1372 factumest,
822 1334 861 1363 ut
887 1336 995 1373 quam
1025 1324 1203 1372 plurimae
1228 1324 1407 1361 stationes
1426 1324 1461 1360 in
1477 1322 1672 1361 continen-

559 1403 596 1434 te
623 1404 753 1434 exacte
786 1395 956 1433 definitae
990 1394 1081 1433 sint.
1135 1395 1206 1432 Sed
1242 1394 1306 1431 hac
1327 1395 1371 1431 de
1396 1405 1433 1431 re
1461 1405 1559 1430 nunc
1592 1402 1669 1430 non

560 1465 816 1513 quaerebatur.
848 1465 931 1502 Hoc
945 1464 1052 1501 unice
1078 1463 1290 1510 quaeritur,
1306 1472 1430 1499 utrum
1456 1463 1542 1499 mari
1568 1462 1674 1499 insti-

560 1536 616 1573 tui
631 1548 714 1574 cum
736 1535 862 1574 fructu
883 1536 1018 1583 possit.
1064 1564 1087 1583 „
1115 1537 1341 1574 Atolerable
1367 1537 1499 1583 degree
1527 1535 1571 1573 of
1590 1548 1673 1585 pre-

565 1636 590 1655 „
615 1607 735 1645 cision
777 1619 862 1654 may
896 1607 942 1644 be
979 1606 1173 1644 obstained
1210 1616 1245 1644 at
1278 1619 1361 1652 sea,
1396 1607 1446 1654 by
1474 1607 1674 1654 observing

564 1703 589 1725 „
614 1677 725 1724 equal
763 1676 935 1714 altitudes
969 1675 1015 1712 of
1044 1678 1107 1713 the
1138 1687 1279 1722 moon,
1326 1688 1365 1713 as
1392 1678 1597 1724 accurately
1638 1687 1677 1713 as

565 1774 589 1793 „
618 1745 813 1794 possible,
850 1746 922 1783 and
955 1745 1103 1794 making
1130 1758 1175 1783 an
1202 1747 1403 1784 allowance
1437 1747 1474 1784 in
1500 1748 1563 1784 the
1591 1747 1678 1784 time

564 1841 590 1863 ,‚
619 1814 666 1853 of
696 1816 856 1862 transit,
908 1816 1072 1853 deduced
1108 1815 1203 1853 from
1242 1818 1306 1854 the
1333 1819 1442 1864 equal
1479 1817 1679 1864 altitudes,

565 1912 590 1933 ,‚
616 1884 677 1923 for
710 1887 773 1923 the
799 1886 939 1933 change
977 1884 1024 1922 of
1051 1886 1274 1923 declination
1308 1887 1477 1925 between
1509 1889 1573 1925 the
1610 1887 1681 1924 ob-

565 1983 590 2003 ,‚
615 1955 837 1993 servations.
869 1982 880 1993 .
913 1982 923 1993 .
955 1980 967 1992 .
1031 1956 1084 1993 At
1131 1966 1220 2001 sea,
1264 1956 1328 1993 the
1367 1957 1475 2004 equal
1510 1956 1683 1994 altitudes

566 2052 591 2073 ‚,
616 2036 700 2074 may
724 2025 770 2061 be
797 2024 980 2062 observed
1019 2025 1109 2061 with
1135 2037 1154 2062 a
1179 2034 1324 2062 sextant
1354 2025 1415 2062 for
1437 2026 1500 2062 the
1524 2026 1609 2063 sake
1642 2025 1689 2062 of

565 2124 590 2144 ,‚
617 2103 757 2141 greater
784 2094 1015 2142 accuracy.”
1070 2095 1180 2132 Mac
1197 2094 1221 2131 k
1237 2107 1255 2132 a
1273 2106 1321 2142 y,
1350 2096 1459 2144 cujus
1484 2096 1571 2133 haec
1595 2103 1683 2133 sunt

563 2165 677 2203 verba
704 2165 801 2213 (t),
839 2164 933 2201 nihil
972 2164 1070 2201 addit
1106 2165 1150 2201 de
1196 2165 1402 2202 mutatione
1435 2166 1508 2203 loci
1543 2166 1678 2212 navis,

564 2236 672 2283 cujus
707 2235 887 2271 rationem
930 2234 1063 2271 habere
1096 2234 1216 2271 multo
1241 2234 1348 2271 etiam
1376 2242 1433 2273 est
1472 2235 1682 2281 difficilius,

564 2315 676 2352 quam
707 2304 978 2341 declinationis.
1033 2303 1218 2340 Universe
1250 2313 1380 2342 nautae
1403 2305 1604 2342 abhorrent
1634 2304 1679 2341 ab

564 2373 825 2413 altitudinibus
860 2373 1074 2421 aequalibus
1111 2373 1148 2410 in
1177 2374 1260 2421 ipso
1293 2375 1382 2411 mari
1414 2374 1683 2420 instituendis,

567 2456 627 2493 et,
669 2454 847 2494 quantum
885 2444 974 2481 mihi
1000 2444 1148 2491 quidem
1174 2445 1348 2491 videtur,
1401 2445 1499 2482 haud
1533 2444 1684 2493 injuria.

566 2516 665 2554 Nam
694 2517 753 2553 vel
787 2515 894 2552 unica
932 2514 992 2552 illa
1028 2526 1160 2560 causa,
1190 2515 1337 2552 omissis
1368 2514 1529 2561 ceteris,
1557 2514 1685 2552 altitu-

567 2586 674 2623 dines
703 2586 872 2632 aequales
905 2585 1050 2630 multo,
1092 2584 1258 2632 opinor,
1308 2584 1424 2622 reddit
1465 2584 1682 2622 incertiores

569 2655 770 2694 absolutis.
823 2654 969 2704 Quodsi
1004 2663 1125 2691 autem
1167 2654 1238 2691 hoc
1268 2655 1379 2692 modo
1411 2653 1688 2691 culminationis

573 2734 721 2773 ternpus
755 2725 853 2762 haud
886 2723 994 2762 facile
1020 2724 1172 2771 reperiri
1199 2725 1324 2770 solet,
1353 2723 1425 2760 alio
1464 2722 1576 2759 modo
1609 2733 1690 2758 om-

571 2794 663 2833 nino
694 2804 771 2831 non
806 2801 946 2842 potest.
1009 2794 1139 2840 Iraque
1179 2805 1262 2831 curn
1304 2792 1519 2830 observatio
1551 2792 1588 2829 in
1622 2792 1689 2830 hac

572 2863 750 2901 methodo
783 2862 895 2899 tantis
928 2861 1210 2900 difficultatibus
1238 2862 1407 2911 laboret,
1452 2863 1614 2911 penitius
1653 2862 1692 2900 in

574 2931 673 2971 illam
704 2932 891 2980 inquirere
928 2942 1005 2969 non
1036 2943 1132 2980 opus
1161 2940 1232 2970 est.

1620 3004 1691 3043 Ita-

617 3080 667 3119 (ι)
688 3083 712 3111 l.
735 3084 760 3112 Ι.
785 3083 810 3111 1.
833 3091 910 3118 214,
932 3087 1000 3113 2¹5.
