1487 2850
241 193 296 251 46
481 191 1148 235 εοΜΜΕΝΤΑΤῙο

719 302 880 351 §.1v.

309 421 481 462 Historia
507 423 667 462 militum
698 423 1035 464 Praetorianorum
1057 439 1083 464 a
1103 426 1291 479 Commodo

456 493 544 531 inde
569 492 623 532 ad
649 503 803 533 mortem
831 495 1003 546 Septimii
1030 495 1175 539 Severi.

281 592 345 631 Ab
360 593 437 639 1An.
458 596 664 634 180-211.
679 607 720 644 p.
738 597 790 635 C.
808 607 848 635 n.
863 624 876 644 ,
891 596 963 636 A⁰.
983 598 1194 647 934-965.
1209 597 1261 638 U.
1274 597 1325 638 C.

300 727 435 767 Marco
458 729 617 768 Aurelio
639 729 836 769 Antonino
862 730 1034 769 succesfit
1049 730 1103 771 T.
1129 730 1363 771 Commodus

246 797 466 837 Antoninus
482 827 497 846 ‚
523 799 618 847 qui,
645 800 892 839 Praetorianis
913 800 1091 839 donativo
1115 801 1203 839 dato
1217 829 1231 849 ‚
1258 812 1279 839 a
1300 802 1370 839 'Se-

247 875 339 905 natu
360 868 401 905 in
421 866 577 917 imperio
597 869 838 908 confirmatus
866 878 936 908 est.
965 871 1036 909 Per
1066 864 1238 920 temp‘us,
1264 871 1368 919 quod

249 936 419 985 regnavit
435 964 450 983 ,
500 937 658 976 historia
698 938 856 976 militum
895 939 1216 978 Praetorianorum
1257 941 1373 990 majo-

250 1004 310 1044 ris*
329 1005 374 1044 fit
398 1005 599 1045 momenti.
654 1007 803 1046 Etenim
832 1008 1028 1056 imperium
1060 1008 1222 1047 militum
1245 1009 1282 1048 se
1307 1020 1371 1048 ex-

249 1075 401 1114 tendere
421 1077 548 1125 coepit
563 1104 578 1124 ‚
607 1085 645 1114 et
669 1077 870 1127 magiSJam
887 1078 1009 1116 omnia
1038 1089 1108 1126 pro
1136 1078 1260 1117 lubitu
1287 1090 1379 1127 age--

250 1143 343 1182 bant
379 1144 606 1183 Praetoriani
646 1146 917 1196 maximamque
946 1147 1020 1186 vim
1043 1148 1083 1186 in
1107 1155 1229 1186 totum
1257 1147 1376 1198 impe-

253 1213 351 1252 rium
390 1215 526 1255 habere
565 1215 800 1266 inceperunt.
875 1217 916 1255 Si
954 1227 1119 1266 unquam
1168 1218 1374 1266 Imperator

253 1283 482 1332 perniciosus
515 1284 590 1323 fuit
625 1285 782 1334 imperio
825 1284 1025 1333 Romano,
1080 1284 1155 1324 fuit
1196 1283 1372 1334 profecto

256 1354 512 1394 Commodus.
544 1383 569 1402 „
595 1355 694 1393 Nam
723 1366 742 1392 a
769 1354 885 1403 prima
911 1353 1030 1392 statim
1051 1354 1234 1404 pueritia,
1261 1353 1375 1404 scrip·

258 1453 285 1474 „
310 1424 357 1464 fit
387 1425 573 1464 Aelius
607 1424 945 1473 Lampridius
974 1425 1073 1475 (1),
1107 1424 1257 1473 turpis,
1305 1424 1376 1462 ima

258 1523 284 1545 „
308 1495 452 1543 probus
469 1523 482 1543 ,
509 1494 669 1532 crudelis
687 1523 700 1542 ,
728 1493 948 1532 libidinosus
966 1522 979 1541 .,
1009 1505 1072 1531 ore
1102 1505 1258 1542 quoque
1290 1487 1376 1543 pol·

256 1593 282 1614 „
307 1566 412 1603 lutus
428 1575 465 1603 et
486 1564 749 1612 constupratus
763 1562 852 1602 fuit.
879 1563 960 1614 Jam
986 1564 1023 1602 in
1040 1564 1099 1602 his
1120 1563 1256 1603 artifex
1277 1575 1374 1613 quae

258 1663 285 1685 „
310 1635 477 1675 stationis
516 1635 773 1684 imperatoriae
803 1645 884 1673 non
917 1643 1049 1681 erant,
1077 1641 1120 1673 ut
1148 1633 1280 1671 calices
1305 1633 1379 1672 fin-

262 1733 288 1754 „
314 1713 443 1754 geret,
469 1705 642 1753 saltaret,
680 1713 868 1752 cantaret,
903 1704 1091 1751 sibilaret,
1118 1703 1274 1743 scurram
1313 1703 1379 1742 de·

262 1802 288 1823 ‚‚
313 1775 429 1823 nique
464 1784 501 1814 et
534 1775 771 1824 gladiatorem
792 1774 833 1813 se
870 1773 1076 1823 perfeetum
1121 1765 1378 1812 ostenderet?

259 1844 317 1883 Et
337 1843 507 1891 quamvis
534 1842 1005 1892 pestilentia'vehementer
1033 1850 1100 1890 per
1124 1841 1253 1880 urbem
1276 1851 1381 1889 gras·

260 1912 427 1962 sax-etur,
456 1913 557 1953 nulla
587 1914 644 1952 vis
666 1913 808 1958 morbi,
839 1912 894 1950 uti
919 1908 1017 1950 Dio
1044 1911 1117 1960 ait,
1143 1919 1207 1949 aut
1239 1911 1379 1950 maletis

261 1985 406 2025 ciorum
421 2013 434 2032 ,
463 1984 610 2033 gravior
631 1992 709 2022 erat
730 1985 875 2032 populo
898 1982 1097 2028 Romano,
1126 1992 1235 2030 quam
1261 1980 1379 2020 Com-

263 2055 413 2094 modu‘s.
442 2054 532 2105 Quo
557 2053 696 2092 factum
712 2081 726 2101 ,
752 2061 793 2091 ut
819 2052 961 2101 saepius
988 2059 1208 2089 contraeum
1233 2049 1380 2099 conspi-

264 2124 424 2165 raverint
459 2124 637 2164 Romani.
692 2123 751 2162 Eo
776 2131 952 2171 regnante
969 2150 990 2173 ‚h
1008 2120 1232 2159 Tarrutinus
1254 2120 1381 2158 Pater-

312 2200 315 2203 *
377 2198 382 2204 ·
1160 2236 1163 2238 ,
1272 2200 1379 2239 Ιῃιιε,

304 2277 359 2314 (ι)
381 2277 456 2305 Vita
477 2275 645 2312 commodi,
665 2283 692 2304 c.
714 2284 739 2305 1.
763 2275 812 2311 (in
834 2272 972 2308 script.
995 2273 1082 2301 Hist-
1101 2272 1203 2309 Aug.)
