<?xml version="1.0" encoding="UTF-8"?>
<!DOCTYPE html PUBLIC "-//W3C//DTD XHTML 1.0 Transitional//EN"
    "http://www.w3.org/TR/xhtml1/DTD/xhtml1-transitional.dtd">
<html xmlns="http://www.w3.org/1999/xhtml" xml:lang="en" lang="en">
 <head>
  <title>
</title>
<meta http-equiv="Content-Type" content="text/html;charset=utf-8" />
  <meta name='ocr-system' content='tesseract 3.04.00' />
  <meta name='ocr-capabilities' content='ocr_page ocr_carea ocr_par ocr_line ocrx_word'/>
</head>
<body>
  <div class='ocr_page' id='page_1' title='image "annalesacademiae30acad_0077.png"; bbox 0 0 1487 2850; ppageno 0'>
   <div class='ocr_carea' id='block_1_1' title="bbox 420 204 1175 258">
    <p class='ocr_par' dir='ltr' id='par_1_1' title="bbox 420 204 1175 258">
     <span class='ocr_line' id='line_1_1' title="bbox 420 204 1175 258; baseline -0.013 0"><span class='ocrx_word' id='word_1_1' title='bbox 420 206 814 258; x_wconf 83' lang='lat' dir='ltr'>ORATIO.</span> <span class='ocrx_word' id='word_1_2' title='bbox 1117 204 1175 248; x_wconf 80' lang='lat'><strong>29</strong></span> 
     </span>
    </p>
   </div>
   <div class='ocr_carea' id='block_1_2' title="bbox 63 363 1193 1508">
    <p class='ocr_par' dir='ltr' id='par_1_2' title="bbox 63 363 1180 499">
     <span class='ocr_line' id='line_1_2' title="bbox 64 363 1180 434; baseline -0.014 -13"><span class='ocrx_word' id='word_1_3' title='bbox 64 372 292 434; x_wconf 69' lang='lat' dir='ltr'><strong>aliquando</strong></span> <span class='ocrx_word' id='word_1_4' title='bbox 319 372 512 433; x_wconf 82' lang='lat' dir='ltr'><strong>proxima</strong></span> <span class='ocrx_word' id='word_1_5' title='bbox 544 369 608 422; x_wconf 87' lang='lat' dir='ltr'><strong>ei,</strong></span> <span class='ocrx_word' id='word_1_6' title='bbox 632 382 656 412; x_wconf 85' lang='lat' dir='ltr'><strong>a</strong></span> <span class='ocrx_word' id='word_1_7' title='bbox 683 380 768 425; x_wconf 91' lang='lat' dir='ltr'><strong>quo</strong></span> <span class='ocrx_word' id='word_1_8' title='bbox 791 363 1013 413; x_wconf 80' lang='lat' dir='ltr'><strong>videbatur</strong></span> <span class='ocrx_word' id='word_1_9' title='bbox 1035 374 1180 407; x_wconf 81' lang='lat' dir='ltr'><strong>remo-</strong></span> 
     </span>
     <span class='ocr_line' id='line_1_3' title="bbox 63 433 1134 499; baseline -0.012 0"><span class='ocrx_word' id='word_1_10' title='bbox 63 453 235 499; x_wconf 87' lang='lat' dir='ltr'><strong>tissima.</strong></span> <span class='ocrx_word' id='word_1_11' title='bbox 263 478 268 483; x_wconf 41' lang='lat'><strong>*-</strong></span> <span class='ocrx_word' id='word_1_12' title='bbox 1132 433 1134 435; x_wconf 6' lang='grc' dir='ltr'><strong><em>θ</em></strong></span> 
     </span>
    </p>

    <p class='ocr_par' dir='ltr' id='par_1_3' title="bbox 65 516 1187 883">
     <span class='ocr_line' id='line_1_4' title="bbox 70 516 1183 590; baseline -0.015 -14"><span class='ocrx_word' id='word_1_13' title='bbox 70 544 72 546; x_wconf 76' lang='grc'>’</span> <span class='ocrx_word' id='word_1_14' title='bbox 124 531 327 590; x_wconf 84' lang='lat' dir='ltr'><strong>Superest</strong></span> <span class='ocrx_word' id='word_1_15' title='bbox 351 525 520 571; x_wconf 77' lang='lat' dir='ltr'><strong>tandem</strong></span> <span class='ocrx_word' id='word_1_16' title='bbox 535 556 547 578; x_wconf 87' lang='lat'>‚</span> <span class='ocrx_word' id='word_1_17' title='bbox 582 531 629 567; x_wconf 90' lang='lat' dir='ltr'><strong>ut</strong></span> <span class='ocrx_word' id='word_1_18' title='bbox 663 522 708 565; x_wconf 90' lang='lat' dir='ltr'><strong>in</strong></span> <span class='ocrx_word' id='word_1_19' title='bbox 732 521 837 574; x_wconf 89' lang='lat' dir='ltr'><strong>hac,</strong></span> <span class='ocrx_word' id='word_1_20' title='bbox 861 532 969 576; x_wconf 91' lang='lat' dir='ltr'><strong>quae</strong></span> <span class='ocrx_word' id='word_1_21' title='bbox 991 516 1043 561; x_wconf 91' lang='lat' dir='ltr'><strong>de</strong></span> <span class='ocrx_word' id='word_1_22' title='bbox 1065 517 1183 561; x_wconf 85' lang='lat' dir='ltr'><strong>Aca-</strong></span> 
     </span>
     <span class='ocr_line' id='line_1_5' title="bbox 66 593 1182 660; baseline -0.016 -7"><span class='ocrx_word' id='word_1_23' title='bbox 66 607 227 652; x_wconf 79' lang='lat' dir='ltr'><strong>demiae</strong></span> <span class='ocrx_word' id='word_1_24' title='bbox 254 605 349 649; x_wconf 87' lang='lat' dir='ltr'><strong>fatis</strong></span> <span class='ocrx_word' id='word_1_25' title='bbox 373 610 459 656; x_wconf 85' lang='lat' dir='ltr'><strong>est,</strong></span> <span class='ocrx_word' id='word_1_26' title='bbox 481 607 602 660; x_wconf 87' lang='lat' dir='ltr'><strong>parte</strong></span> <span class='ocrx_word' id='word_1_27' title='bbox 618 632 630 653; x_wconf 94' lang='lat'>,</span> <span class='ocrx_word' id='word_1_28' title='bbox 657 612 738 658; x_wconf 90' lang='lat' dir='ltr'><strong>pro</strong></span> <span class='ocrx_word' id='word_1_29' title='bbox 761 594 966 655; x_wconf 87' lang='lat' dir='ltr'><strong>temporis</strong></span> <span class='ocrx_word' id='word_1_30' title='bbox 991 593 1182 645; x_wconf 89' lang='lat' dir='ltr'><strong>ratione,</strong></span> 
     </span>
     <span class='ocr_line' id='line_1_6' title="bbox 69 669 1187 737; baseline -0.014 -7"><span class='ocrx_word' id='word_1_31' title='bbox 69 685 205 729; x_wconf 87' lang='lat' dir='ltr'><strong>dicam</strong></span> <span class='ocrx_word' id='word_1_32' title='bbox 237 683 289 727; x_wconf 90' lang='lat' dir='ltr'><strong>de</strong></span> <span class='ocrx_word' id='word_1_33' title='bbox 313 696 386 734; x_wconf 88' lang='lat' dir='ltr'><strong>re,</strong></span> <span class='ocrx_word' id='word_1_34' title='bbox 417 693 525 737; x_wconf 89' lang='lat' dir='ltr'><strong>quae</strong></span> <span class='ocrx_word' id='word_1_35' title='bbox 550 677 645 721; x_wconf 86' lang='lat' dir='ltr'><strong>licet</strong></span> <span class='ocrx_word' id='word_1_36' title='bbox 675 690 750 726; x_wconf 84' lang='lat' dir='ltr'><strong>sua</strong></span> <span class='ocrx_word' id='word_1_37' title='bbox 788 687 915 718; x_wconf 90' lang='lat' dir='ltr'><strong>causa</strong></span> <span class='ocrx_word' id='word_1_38' title='bbox 947 678 992 716; x_wconf 85' lang='lat' dir='ltr'><strong>-et</strong></span> <span class='ocrx_word' id='word_1_39' title='bbox 1025 669 1187 728; x_wconf 73' lang='lat' dir='ltr'><strong>origine</strong></span> 
     </span>
     <span class='ocr_line' id='line_1_7' title="bbox 65 746 1187 815; baseline -0.014 -9"><span class='ocrx_word' id='word_1_40' title='bbox 65 769 132 806; x_wconf 87' lang='lat' dir='ltr'><strong>est</strong></span> <span class='ocrx_word' id='word_1_41' title='bbox 153 759 412 811; x_wconf 86' lang='lat' dir='ltr'><strong>tristissima,</strong></span> <span class='ocrx_word' id='word_1_42' title='bbox 439 768 685 815; x_wconf 76' lang='lat' dir='ltr'><strong>generosum</strong></span> <span class='ocrx_word' id='word_1_43' title='bbox 713 759 855 796; x_wconf 90' lang='lat' dir='ltr'><strong>tamen</strong></span> <span class='ocrx_word' id='word_1_44' title='bbox 892 748 1056 794; x_wconf 85' lang='lat' dir='ltr'><strong>Civium</strong></span> <span class='ocrx_word' id='word_1_45' title='bbox 1091 746 1187 791; x_wconf 87' lang='lat' dir='ltr'><strong>ani-</strong></span> 
     </span>
     <span class='ocr_line' id='line_1_8' title="bbox 67 826 1111 883; baseline -0.013 1"><span class='ocrx_word' id='word_1_46' title='bbox 67 854 182 883; x_wconf 91' lang='lat' dir='ltr'><strong>mum</strong></span> <span class='ocrx_word' id='word_1_47' title='bbox 222 837 372 881; x_wconf 85' lang='lat' dir='ltr'><strong>mirum</strong></span> <span class='ocrx_word' id='word_1_48' title='bbox 410 835 454 877; x_wconf 88' lang='lat' dir='ltr'><strong>in</strong></span> <span class='ocrx_word' id='word_1_49' title='bbox 492 832 664 876; x_wconf 90' lang='lat' dir='ltr'><strong>modum</strong></span> <span class='ocrx_word' id='word_1_50' title='bbox 692 826 1051 874; x_wconf 82' lang='lat' dir='ltr'><strong>commonstravit.</strong></span> <span class='ocrx_word' id='word_1_51' title='bbox 1109 834 1111 837; x_wconf 88' lang='grc'><strong>’</strong></span> 
     </span>
    </p>

    <p class='ocr_par' dir='ltr' id='par_1_4' title="bbox 68 902 1193 1508">
     <span class='ocr_line' id='line_1_9' title="bbox 73 902 1187 974; baseline -0.014 -13"><span class='ocrx_word' id='word_1_52' title='bbox 73 946 75 949; x_wconf 92' lang='grc'>-</span> <span class='ocrx_word' id='word_1_53' title='bbox 127 916 298 974; x_wconf 84' lang='lat' dir='ltr'>Quippe</span> <span class='ocrx_word' id='word_1_54' title='bbox 330 910 564 968; x_wconf 80' lang='lat' dir='ltr'><strong>tranquillis</strong></span> <span class='ocrx_word' id='word_1_55' title='bbox 593 907 755 967; x_wconf 84' lang='lat' dir='ltr'><strong>patriae</strong></span> <span class='ocrx_word' id='word_1_56' title='bbox 793 906 921 950; x_wconf 89' lang='lat' dir='ltr'><strong>rebus</strong></span> <span class='ocrx_word' id='word_1_57' title='bbox 957 902 1187 961; x_wconf 85' lang='lat' dir='ltr'><strong>magistra-</strong></span> 
     </span>
     <span class='ocr_line' id='line_1_10' title="bbox 68 982 1190 1047; baseline -0.013 -10"><span class='ocrx_word' id='word_1_58' title='bbox 68 1000 159 1038; x_wconf 80' lang='lat' dir='ltr'><strong>tum</strong></span> <span class='ocrx_word' id='word_1_59' title='bbox 189 991 249 1035; x_wconf 85' lang='lat' dir='ltr'><strong>fui</strong></span> <span class='ocrx_word' id='word_1_60' title='bbox 287 1003 530 1047; x_wconf 84' lang='lat' dir='ltr'><strong>aggressus;</strong></span> <span class='ocrx_word' id='word_1_61' title='bbox 568 984 719 1030; x_wconf 87' lang='lat' dir='ltr'><strong>deinde</strong></span> <span class='ocrx_word' id='word_1_62' title='bbox 741 990 839 1043; x_wconf 84' lang='lat' dir='ltr'><strong>post</strong></span> <span class='ocrx_word' id='word_1_63' title='bbox 872 982 1032 1038; x_wconf 76' lang='lat' dir='ltr'><strong>aliquot</strong></span> <span class='ocrx_word' id='word_1_64' title='bbox 1064 992 1190 1023; x_wconf 90' lang='lat' dir='ltr'><strong>men-</strong></span> 
     </span>
     <span class='ocr_line' id='line_1_11' title="bbox 71 1057 1191 1118; baseline -0.012 -5"><span class='ocrx_word' id='word_1_65' title='bbox 71 1084 137 1114; x_wconf 91' lang='lat' dir='ltr'><strong>ses</strong></span> <span class='ocrx_word' id='word_1_66' title='bbox 167 1067 383 1112; x_wconf 85' lang='lat' dir='ltr'><strong>seditionis</strong></span> <span class='ocrx_word' id='word_1_67' title='bbox 412 1066 532 1108; x_wconf 87' lang='lat' dir='ltr'><strong>furor</strong></span> <span class='ocrx_word' id='word_1_68' title='bbox 564 1061 768 1108; x_wconf 82' lang='lat' dir='ltr'><strong>Bruxellis</strong></span> <span class='ocrx_word' id='word_1_69' title='bbox 806 1058 973 1118; x_wconf 88' lang='lat' dir='ltr'><strong>erupit,</strong></span> <span class='ocrx_word' id='word_1_70' title='bbox 1013 1057 1085 1115; x_wconf 91' lang='lat' dir='ltr'><strong>qui</strong></span> <span class='ocrx_word' id='word_1_71' title='bbox 1112 1070 1191 1116; x_wconf 89' lang='lat' dir='ltr'><strong>per</strong></span> 
     </span>
     <span class='ocr_line' id='line_1_12' title="bbox 73 1133 1190 1202; baseline -0.013 -12"><span class='ocrx_word' id='word_1_72' title='bbox 73 1145 256 1202; x_wconf 87' lang='lat' dir='ltr'><strong>reliquas</strong></span> <span class='ocrx_word' id='word_1_73' title='bbox 295 1142 427 1200; x_wconf 83' lang='lat' dir='ltr'><strong>Belgii</strong></span> <span class='ocrx_word' id='word_1_74' title='bbox 459 1141 512 1184; x_wconf 86' lang='lat' dir='ltr'><strong>ad</strong></span> <span class='ocrx_word' id='word_1_75' title='bbox 532 1153 535 1154; x_wconf 70' lang='grc'>’</span> <span class='ocrx_word' id='word_1_76' title='bbox 556 1139 772 1183; x_wconf 88' lang='lat' dir='ltr'><strong>meridiem</strong></span> <span class='ocrx_word' id='word_1_77' title='bbox 822 1143 964 1195; x_wconf 88' lang='lat' dir='ltr'><strong>partes</strong></span> <span class='ocrx_word' id='word_1_78' title='bbox 1004 1133 1190 1178; x_wconf 83' lang='lat' dir='ltr'><strong>incendii</strong></span> 
     </span>
     <span class='ocr_line' id='line_1_13' title="bbox 70 1211 1193 1276; baseline -0.012 -8"><span class='ocrx_word' id='word_1_79' title='bbox 70 1223 203 1268; x_wconf 82' lang='lat' dir='ltr'><strong>instar</strong></span> <span class='ocrx_word' id='word_1_80' title='bbox 224 1220 363 1266; x_wconf 88' lang='lat' dir='ltr'><strong>subito</strong></span> <span class='ocrx_word' id='word_1_81' title='bbox 399 1216 613 1276; x_wconf 82' lang='lat' dir='ltr'><strong>flagravit,</strong></span> <span class='ocrx_word' id='word_1_82' title='bbox 659 1223 698 1260; x_wconf 87' lang='lat' dir='ltr'><strong>et</strong></span> <span class='ocrx_word' id='word_1_83' title='bbox 728 1215 954 1273; x_wconf 82' lang='lat' dir='ltr'><strong>Belgorum</strong></span> <span class='ocrx_word' id='word_1_84' title='bbox 998 1212 1042 1256; x_wconf 89' lang='lat' dir='ltr'><strong>in</strong></span> <span class='ocrx_word' id='word_1_85' title='bbox 1078 1211 1193 1255; x_wconf 87' lang='lat' dir='ltr'><strong>Hol-</strong></span> 
     </span>
     <span class='ocr_line' id='line_1_14' title="bbox 70 1288 1190 1355; baseline -0.012 -11"><span class='ocrx_word' id='word_1_86' title='bbox 70 1300 222 1345; x_wconf 66' lang='lat' dir='ltr'><strong>iandos</strong></span> <span class='ocrx_word' id='word_1_87' title='bbox 246 1297 390 1342; x_wconf 91' lang='lat' dir='ltr'><strong>odium</strong></span> <span class='ocrx_word' id='word_1_88' title='bbox 412 1301 555 1355; x_wconf 86' lang='lat' dir='ltr'><strong>aperte</strong></span> <span class='ocrx_word' id='word_1_89' title='bbox 573 1292 768 1338; x_wconf 85' lang='lat' dir='ltr'><strong>ostendit.</strong></span> <span class='ocrx_word' id='word_1_90' title='bbox 810 1291 993 1336; x_wconf 85' lang='lat' dir='ltr'><strong>Vixdum</strong></span> <span class='ocrx_word' id='word_1_91' title='bbox 1013 1288 1190 1334; x_wconf 89' lang='lat' dir='ltr'><strong>seditio-</strong></span> 
     </span>
     <span class='ocr_line' id='line_1_15' title="bbox 71 1367 1190 1430; baseline -0.011 -8"><span class='ocrx_word' id='word_1_92' title='bbox 71 1377 138 1422; x_wconf 85' lang='lat' dir='ltr'><strong>nis</strong></span> <span class='ocrx_word' id='word_1_93' title='bbox 157 1376 269 1420; x_wconf 84' lang='lat' dir='ltr'><strong>fama</strong></span> <span class='ocrx_word' id='word_1_94' title='bbox 284 1374 339 1419; x_wconf 92' lang='lat' dir='ltr'><strong>ad</strong></span> <span class='ocrx_word' id='word_1_95' title='bbox 359 1373 469 1417; x_wconf 88' lang='lat' dir='ltr'><strong>hanc</strong></span> <span class='ocrx_word' id='word_1_96' title='bbox 491 1371 639 1415; x_wconf 89' lang='lat' dir='ltr'><strong>urbem</strong></span> <span class='ocrx_word' id='word_1_97' title='bbox 666 1368 897 1430; x_wconf 83' lang='lat' dir='ltr'><strong>pervolavit</strong></span> <span class='ocrx_word' id='word_1_98' title='bbox 918 1367 1190 1424; x_wconf 89' lang='lat' dir='ltr'><strong>omniumque</strong></span> 
     </span>
     <span class='ocr_line' id='line_1_16' title="bbox 72 1444 1193 1508; baseline -0.009 -11"><span class='ocrx_word' id='word_1_99' title='bbox 72 1453 237 1497; x_wconf 76' lang='lat' dir='ltr'><strong>‘animos</strong></span> <span class='ocrx_word' id='word_1_100' title='bbox 268 1451 446 1495; x_wconf 89' lang='lat' dir='ltr'><strong>horrore</strong></span> <span class='ocrx_word' id='word_1_101' title='bbox 465 1448 699 1508; x_wconf 83' lang='lat' dir='ltr'><strong>percussit,</strong></span> <span class='ocrx_word' id='word_1_102' title='bbox 733 1460 860 1504; x_wconf 88' lang='lat' dir='ltr'><strong>quum</strong></span> <span class='ocrx_word' id='word_1_103' title='bbox 884 1445 1054 1505; x_wconf 86' lang='lat' dir='ltr'><strong>plurimi</strong></span> <span class='ocrx_word' id='word_1_104' title='bbox 1082 1444 1193 1489; x_wconf 86' lang='lat' dir='ltr'><strong>cives</strong></span> 
     </span>
    </p>
   </div>
   <div class='ocr_carea' id='block_1_3' title="bbox 10 1522 1196 1583">
    <p class='ocr_par' dir='ltr' id='par_1_5' title="bbox 10 1522 1196 1583">
     <span class='ocr_line' id='line_1_17' title="bbox 10 1522 1196 1583; baseline -0.011 -7"><span class='ocrx_word' id='word_1_105' title='bbox 10 1559 11 1562; x_wconf 62' lang='lat'><em>=</em></span> <span class='ocrx_word' id='word_1_106' title='bbox 76 1528 346 1581; x_wconf 88' lang='lat' dir='ltr'><strong>Academici,</strong></span> <span class='ocrx_word' id='word_1_107' title='bbox 365 1535 452 1571; x_wconf 88' lang='lat' dir='ltr'><strong>tam</strong></span> <span class='ocrx_word' id='word_1_108' title='bbox 482 1526 643 1583; x_wconf 83' lang='lat' dir='ltr'><strong>abjecta</strong></span> <span class='ocrx_word' id='word_1_109' title='bbox 666 1524 911 1583; x_wconf 51' lang='lat' dir='ltr'><strong>‘proditione</strong></span> <span class='ocrx_word' id='word_1_110' title='bbox 929 1522 1106 1575; x_wconf 83' lang='lat' dir='ltr'><strong>irritati,</strong></span> <span class='ocrx_word' id='word_1_111' title='bbox 1123 1535 1196 1564; x_wconf 85' lang='lat' dir='ltr'><strong>re·-</strong></span> 
     </span>
    </p>
   </div>
   <div class='ocr_carea' id='block_1_4' title="bbox 70 1598 1200 2280">
    <p class='ocr_par' dir='ltr' id='par_1_6' title="bbox 70 1598 1200 2280">
     <span class='ocr_line' id='line_1_18' title="bbox 70 1598 1196 1664; baseline -0.01 -11"><span class='ocrx_word' id='word_1_112' title='bbox 70 1605 232 1661; x_wconf 77' lang='lat' dir='ltr'><strong>belles,</strong></span> <span class='ocrx_word' id='word_1_113' title='bbox 270 1613 334 1650; x_wconf 88' lang='lat' dir='ltr'><strong>tot</strong></span> <span class='ocrx_word' id='word_1_114' title='bbox 366 1610 663 1664; x_wconf 89' lang='lat' dir='ltr'><strong>perceptorum</strong></span> <span class='ocrx_word' id='word_1_115' title='bbox 697 1599 1010 1645; x_wconf 87' lang='lat' dir='ltr'><strong>beneficiorium</strong></span> <span class='ocrx_word' id='word_1_116' title='bbox 1043 1598 1196 1642; x_wconf 88' lang='lat' dir='ltr'><strong>imme-</strong></span> 
     </span>
     <span class='ocr_line' id='line_1_19' title="bbox 76 1675 1195 1739; baseline -0.011 -10"><span class='ocrx_word' id='word_1_117' title='bbox 76 1699 215 1728; x_wconf 87' lang='lat' dir='ltr'><strong>mores</strong></span> <span class='ocrx_word' id='word_1_118' title='bbox 230 1715 242 1737; x_wconf 88' lang='lat'>,</span> <span class='ocrx_word' id='word_1_119' title='bbox 282 1689 451 1726; x_wconf 88' lang='lat' dir='ltr'><strong>nostrae</strong></span> <span class='ocrx_word' id='word_1_120' title='bbox 474 1679 637 1739; x_wconf 87' lang='lat' dir='ltr'><strong>patriae</strong></span> <span class='ocrx_word' id='word_1_121' title='bbox 664 1677 828 1721; x_wconf 87' lang='lat' dir='ltr'><strong>ruinam</strong></span> <span class='ocrx_word' id='word_1_122' title='bbox 851 1675 1059 1729; x_wconf 89' lang='lat' dir='ltr'><strong>minitari,</strong></span> <span class='ocrx_word' id='word_1_123' title='bbox 1100 1688 1195 1719; x_wconf 88' lang='lat' dir='ltr'><strong>cum</strong></span> 
     </span>
     <span class='ocr_line' id='line_1_20' title="bbox 72 1751 1196 1817; baseline -0.009 -12"><span class='ocrx_word' id='word_1_124' title='bbox 72 1761 217 1806; x_wconf 51' lang='lat' dir='ltr'><strong>¹animo</strong></span> <span class='ocrx_word' id='word_1_125' title='bbox 266 1764 531 1817; x_wconf 86' lang='lat' dir='ltr'><strong>reputantes,</strong></span> <span class='ocrx_word' id='word_1_126' title='bbox 574 1755 772 1800; x_wconf 89' lang='lat' dir='ltr'><strong>continuo</strong></span> <span class='ocrx_word' id='word_1_127' title='bbox 816 1754 951 1807; x_wconf 87' lang='lat' dir='ltr'><strong>illam,</strong></span> <span class='ocrx_word' id='word_1_128' title='bbox 1008 1752 1064 1796; x_wconf 90' lang='lat' dir='ltr'><strong>ab</strong></span> <span class='ocrx_word' id='word_1_129' title='bbox 1103 1751 1196 1796; x_wconf 87' lang='lat' dir='ltr'><strong>istis</strong></span> 
     </span>
     <span class='ocr_line' id='line_1_21' title="bbox 70 1829 1200 1893; baseline -0.009 -10"><span class='ocrx_word' id='word_1_130' title='bbox 70 1837 285 1884; x_wconf 78' lang='lat' dir='ltr'><strong>seditiosis</strong></span> <span class='ocrx_word' id='word_1_131' title='bbox 314 1835 471 1880; x_wconf 90' lang='lat' dir='ltr'><strong>civibus</strong></span> <span class='ocrx_word' id='word_1_132' title='bbox 494 1848 575 1893; x_wconf 90' lang='lat' dir='ltr'><strong>pro</strong></span> <span class='ocrx_word' id='word_1_133' title='bbox 598 1832 765 1890; x_wconf 87' lang='lat' dir='ltr'><strong>juvenili</strong></span> <span class='ocrx_word' id='word_1_134' title='bbox 793 1832 930 1876; x_wconf 91' lang='lat' dir='ltr'><strong>animo</strong></span> <span class='ocrx_word' id='word_1_135' title='bbox 963 1829 1200 1875; x_wconf 88' lang='lat' dir='ltr'><strong>defenden-</strong></span> 
     </span>
     <span class='ocr_line' id='line_1_22' title="bbox 80 1909 1103 1969; baseline -0.007 -10"><span class='ocrx_word' id='word_1_136' title='bbox 80 1915 205 1968; x_wconf 87' lang='lat' dir='ltr'><strong>dam,</strong></span> <span class='ocrx_word' id='word_1_137' title='bbox 233 1928 350 1957; x_wconf 90' lang='lat' dir='ltr'><strong>arma</strong></span> <span class='ocrx_word' id='word_1_138' title='bbox 380 1911 636 1969; x_wconf 82' lang='lat' dir='ltr'><strong>accingenda</strong></span> <span class='ocrx_word' id='word_1_139' title='bbox 668 1909 852 1954; x_wconf 84' lang='lat' dir='ltr'><strong>officium</strong></span> <span class='ocrx_word' id='word_1_140' title='bbox 884 1909 1103 1953; x_wconf 82' lang='lat' dir='ltr'><strong>duxerunt.</strong></span> 
     </span>
     <span class='ocr_line' id='line_1_23' title="bbox 139 1984 1198 2048; baseline -0.008 -12"><span class='ocrx_word' id='word_1_141' title='bbox 139 1992 205 2036; x_wconf 82' lang='lat' dir='ltr'><strong>Re</strong></span> <span class='ocrx_word' id='word_1_142' title='bbox 249 1989 357 2033; x_wconf 85' lang='lat' dir='ltr'><strong>bene</strong></span> <span class='ocrx_word' id='word_1_143' title='bbox 405 2002 616 2048; x_wconf 87' lang='lat' dir='ltr'><strong>perpensa</strong></span> <span class='ocrx_word' id='word_1_144' title='bbox 662 2001 836 2044; x_wconf 88' lang='lat' dir='ltr'><strong>eamque</strong></span> <span class='ocrx_word' id='word_1_145' title='bbox 878 1984 1198 2029; x_wconf 89' lang='lat' dir='ltr'><strong>moderantibus</strong></span> 
     </span>
     <span class='ocr_line' id='line_1_24' title="bbox 73 2063 1200 2117; baseline -0.005 -5"><span class='ocrx_word' id='word_1_146' title='bbox 73 2068 459 2112; x_wconf 85' lang='lat' dir='ltr'><strong>-Vorsse-lman</strong></span> <span class='ocrx_word' id='word_1_147' title='bbox 507 2065 573 2110; x_wconf 90' lang='lat' dir='ltr'><strong>de</strong></span> <span class='ocrx_word' id='word_1_148' title='bbox 619 2064 794 2117; x_wconf 86' lang='lat' dir='ltr'><strong>Heer,</strong></span> <span class='ocrx_word' id='word_1_149' title='bbox 854 2063 1108 2108; x_wconf 87' lang='lat' dir='ltr'><strong>Metman</strong></span> <span class='ocrx_word' id='word_1_150' title='bbox 1158 2069 1200 2106; x_wconf 90' lang='lat' dir='ltr'><strong>et</strong></span> 
     </span>
     <span class='ocr_line' id='line_1_25' title="bbox 76 2141 1198 2201; baseline -0.005 -11"><span class='ocrx_word' id='word_1_151' title='bbox 76 2145 112 2191; x_wconf 68' lang='lat' dir='ltr'><strong>‘S</strong></span> <span class='ocrx_word' id='word_1_152' title='bbox 128 2160 154 2189; x_wconf 95' lang='lat' dir='ltr'><strong>u</strong></span> <span class='ocrx_word' id='word_1_153' title='bbox 170 2158 388 2196; x_wconf 87' lang='lat' dir='ltr'><strong>erman,</strong></span> <span class='ocrx_word' id='word_1_154' title='bbox 426 2142 534 2201; x_wconf 84' lang='lat' dir='ltr'><strong>Regi</strong></span> <span class='ocrx_word' id='word_1_155' title='bbox 574 2142 714 2186; x_wconf 89' lang='lat' dir='ltr'><strong>libello</strong></span> <span class='ocrx_word' id='word_1_156' title='bbox 741 2156 785 2185; x_wconf 90' lang='lat' dir='ltr'><strong>se</strong></span> <span class='ocrx_word' id='word_1_157' title='bbox 812 2141 1082 2194; x_wconf 87' lang='lat' dir='ltr'><strong>obtulerunt,</strong></span> <span class='ocrx_word' id='word_1_158' title='bbox 1125 2147 1198 2192; x_wconf 85' lang='lat' dir='ltr'><strong>ut,</strong></span> 
     </span>
     <span class='ocr_line' id='line_1_26' title="bbox 81 2216 1200 2280; baseline -0.005 -14"><span class='ocrx_word' id='word_1_159' title='bbox 81 2237 164 2280; x_wconf 89' lang='lat' dir='ltr'><strong>qua</strong></span> <span class='ocrx_word' id='word_1_160' title='bbox 184 2221 348 2266; x_wconf 78' lang='lat' dir='ltr'><strong>ratione</strong></span> <span class='ocrx_word' id='word_1_161' title='bbox 377 2219 484 2277; x_wconf 81' lang='lat' dir='ltr'><strong>Regi</strong></span> <span class='ocrx_word' id='word_1_162' title='bbox 512 2219 722 2278; x_wconf 86' lang='lat' dir='ltr'><strong>placeret,</strong></span> <span class='ocrx_word' id='word_1_163' title='bbox 755 2217 1008 2277; x_wconf 88' lang='lat' dir='ltr'><strong>periclitanti</strong></span> <span class='ocrx_word' id='word_1_164' title='bbox 1038 2216 1200 2276; x_wconf 88' lang='lat' dir='ltr'><strong>patriae</strong></span> 
     </span>
    </p>
   </div>
   <div class='ocr_carea' id='block_1_5' title="bbox 72 2299 1202 2413">
    <p class='ocr_par' dir='ltr' id='par_1_7' title="bbox 72 2299 1202 2413">
     <span class='ocr_line' id='line_1_27' title="bbox 72 2299 536 2344; baseline -0.006 0"><span class='ocrx_word' id='word_1_165' title='bbox 72 2299 208 2344; x_wconf 55' lang='lat' dir='ltr'><strong>farmis</strong></span> <span class='ocrx_word' id='word_1_166' title='bbox 232 2299 536 2343; x_wconf 86' lang='lat' dir='ltr'><strong>succurrerent.</strong></span> 
     </span>
     <span class='ocr_line' id='line_1_28' title="bbox 1081 2369 1202 2413; baseline -0.008 0"><span class='ocrx_word' id='word_1_167' title='bbox 1081 2369 1202 2413; x_wconf 85' lang='lat' dir='ltr'><strong>Tan-</strong></span> 
     </span>
    </p>
   </div>
  </div>
 </body>
</html>
