1487 2850
225 221 278 259 12
583 214 959 260 ORATIO.

275 373 324 415 In
353 384 610 428 quacumque
634 369 841 427 regiminis
872 370 1006 413 forma
1033 370 1244 416 habenda:
1255 381 1318 418 est

216 449 322 491 ratio
367 460 458 490 cum
497 446 762 504 imperantis,
799 453 888 489 tum
937 447 998 492 vis
1028 455 1067 491 et
1099 449 1202 505 juris
1231 450 1316 508 'quo

212 523 429 583 imperium
462 523 650 567 habetur.

267 599 331 644 Ex
360 599 500 658 priore
523 598 852 642 consideratione
880 606 996 643 ortae
1026 608 1123 645 sunt
1140 602 1316 646 divisio-

208 691 281 721 nes
312 677 404 720 illae
434 675 869 734 imperiorum,zquae
888 681 950 739 'tex
986 676 1314 723 Ciceronis

209 753 331 807 loco,
362 752 489 797 modo
513 751 679 795 laudato
693 783 706 805 ,
735 761 1070 809 cognoscuntur3
1095 755 1311 800 tumenim

207 829 423 889 imperium
450 835 519 873 aut
546 828 705 885 regium
748 836 910 874 estant
942 831 1192 889 optimatum
1228 839 1311 876 'aut

208 907 443 964 populare,
493 906 555 950 vel
595 912 656 949 est
705 920 753 950 ex
798 906 932 951 tribus
974 908 1198 964 generibus
1233 909 1312 953 iuis

207 983 465 1026 moderatum
491 989 530 1026 et
556 988 846 1040 temperatum.

263 1059 402 1118 Ipsam
424 1058 589 1117 imperii
610 1059 691 1102 vim
719 1059 754 1103 si
787 1066 1046 1118 spectemus,
1079 1068 1150 1105 aut
1179 1061 1314 1106 abso-

206 1137 336 1180 lutum
363 1135 462 1179 illud
490 1142 578 1189 est,
619 1135 718 1180 solis
748 1136 907 1194 legibus
946 1144 1125 1180 naturae·
1165 1136 1316 1181 defini-

209 1220 316 1265 tum,
358 1220 426 1256 aut
464 1219 524 1256 est
566 1227 643 1271 per
683 1214 793 1270 leges
833 1213 1013 1272 scriptas
1061 1214 1116 1257 ad
1157 1221 1313 1258 certum

207 1290 376 1334 modum
407 1290 639 1334 restrictum
665 1297 705 1334 et
731 1290 1110 1348 circumscriptum.

260 1367 376 1425 Quae
404 1375 570 1426 praeter
595 1367 672 1411 has
698 1367 905 1411 habentur
939 1367 1104 1425 imperii
1139 1366 1315 1411 divisio-

207 1459 279 1489 nes
307 1445 427 1502 hujus
451 1444 532 1490 loci
558 1459 643 1489 non
667 1452 777 1490 sunt.

262 1521 485 1581 Imperium
512 1528 648 1567 autem
690 1521 806 1566 civile
847 1521 974 1575 illud,
1001 1522 1115 1579 quod
1146 1524 1314 1564 consti-

208 1602 424 1642 tutionale
470 1599 720 1643 recentiores
757 1599 975 1642 nominare
1011 1606 1181 1651 amant,
1229 1598 1313 1641 hoc

205 1674 408 1733 imprimis
447 1675 527 1719 sibi
565 1675 786 1735 proprium
813 1675 969 1729 habet,
995 1675 1100 1719 haec
1120 1675 1227 1719 illius
1252 1681 1314 1719 cst

205 1759 378 1805 natura,
417 1760 575 1797 utnon
601 1754 735 1797 solum
781 1752 930 1796 civium
976 1766 1206 1804 consensu,
1250 1753 1312 1796 vel

206 1828 412 1887 Principis
453 1830 742 1883 concessione,
781 1836 982 1886 tanquam
1035 1829 1313 1872 fundamento
1355 1876 1358 1878 Α

206 1905 392 1958 nitatur3
428 1906 544 1964 quod
584 1907 792 1965 positum,
844 1921 925 1965 pro
965 1905 1140 1950 arbitrio
1178 1921 1313 1963 neque

205 1981 411 2040 Principis
436 2014 448 2035 ,
491 1997 623 2040 neque
676 1983 825 2042 populi
869 1990 930 2027 est
971 1983 1311 2037 convellendum3

205 2071 347 2101 verum
378 2058 499 2102 etiam
523 2066 567 2102 ut
592 2059 869 2119 praecipuae,
899 2059 1051 2116 quibus
1073 2059 1311 2103 universum

204 2133 421 2192 imperium
462 2135 695 2179 continetur
737 2142 901 2194 partes,
926 2136 1056 2193 ‘leges
1089 2133 1312 2178 condendi

204 2216 415 2269 potestas,
443 2211 712 2269 conditasque
740 2212 935 2256 servandi
966 2220 1006 2256 et
1030 2212 1108 2255 alia
1132 2212 1311 2271 plurima

206 2287 372 2346 negotia
388 2288 558 2332 curandi
573 2288 810 2347 provincia,
841 2290 898 2334 ita
928 2289 1009 2334 sint
1040 2289 1312 2343 distributae,

1239 2373 1312 2420 ut,
